% -*- coding: utf-8 -*-

@book{schlosser14,
  title     = {Wissenschaftliche Arbeiten schreiben mit \LaTeX{}},
  subtitle  = {Leitfaden f√ºr Einsteiger},
  author    = {Joachim Schlosser},
  edition   = {5},
  year      = {2014},
  language  = {german},
  publisher = {mitp},
  keywords  = {leitfaden, einsteiger},
}

@book{medlab13,
  title     = {Lexikon der Medizinischen Labordiagnostik},
  author    = {Axel Gressner},
  edition   = {2},
  year      = {2013},
  language  = {german},
  publisher = {Springer Belin, Heidelberg},
  isbn      = {978-3-642-12921-6},
}

@online{uwbpv,
  author    = {Umweltbundesamt},
  title     = {Photovoltaik},
  year      = {2023},
  url       = {https://www.umweltbundesamt.de/themen/klima-energie/erneuerbare-energien/photovoltaik#photovoltaik},
  urldate   = {2023-07-15},
}
