@misc{agoelzMitAugmentedReality2020,
  title = {{Mit Augmented Reality Qualifizierungsl{\"u}cken in der Fertigung schlie{\ss}en}},
  author = {{agoelz}},
  year = {2020},
  month = aug,
  journal = {Industrie.de},
  urldate = {2025-04-02},
  abstract = {Deloitte und das Weltwirtschaftsforum prognostizieren f{\"u}r die verarbeitende Industrie bis 2050 einen Mangel von zehn Millionen Fachkr{\"a}ften. Der Grund},
  howpublished = {https://industrie.de/arbeitswelt/mit-augmented-reality-qualifizierungsluecken-in-der-fertigung-schliessen/},
  langid = {ngerman},
  file = {C:\Users\Kilian\Zotero\storage\W5T2CZRW\mit-augmented-reality-qualifizierungsluecken-in-der-fertigung-schliessen.html}
}

@misc{BigDataDefinition2025,
  title = {{Big Data: Definition, Modelle und Anwendungen {\textbar} SRH Fernhochschule}},
  shorttitle = {{Big Data}},
  year = {2025},
  month = apr,
  urldate = {2025-04-02},
  abstract = {Entdecken Sie die Welt von Big Data: Definition, Modelle (3V, 6V) und praktische Anwendungen in der digitalen Transformation.},
  howpublished = {https://www.mobile-university.de/studium/big-data/},
  langid = {ngerman},
  file = {C:\Users\Kilian\Zotero\storage\VRSZPDXC\big-data.html}
}

@misc{BundesnetzagenturBlockchainInfoportal,
  title = {Bundesnetzagentur - {{Blockchain Infoportal}}},
  urldate = {2025-04-02},
  howpublished = {https://www.bundesnetzagentur.de/DE/Fachthemen/Digitalisierung/Technologien/Blockchain/start.html},
  file = {C:\Users\Kilian\Zotero\storage\JHE2CKZI\start.html}
}

@misc{DigitalisierungBringtGrosse,
  title = {{Digitalisierung bringt gro{\ss}e Umw{\"a}lzungen am Arbeitsmarkt}},
  journal = {IAB - Institut f{\"u}r Arbeitsmarkt- und Berufsforschung},
  urldate = {2025-04-02},
  abstract = {Die Digitalisierung wird bis zum Jahr 2035 nur geringe Auswirkungen auf das Gesamtniveau der Besch{\"a}ftigung haben, aber gro{\ss}e Umbr{\"u}che bei den Arbeitspl{\"a}tzen mit sich bringen. Das geht aus einer aktuellen Studie des Instituts f{\"u}r Arbeitsmarkt- und Berufsforschung (IAB) und des Bundesinstituts f{\"u}r Berufsbildung (BIBB) hervor, in der das Szenario einer fortschreitenden Digitalisierung mit einem Basis-Szenario ohne Digitalisierungseffekte verglichen wird. Im Jahr 2035 werden laut den Modellrechnungen aufgrund der Digitalisierung einerseits rund 1,5 Millionen Arbeitspl{\"a}tze abgebaut sein. Andererseits f{\"u}hrt die Digitalisierung den Forschern zufolge zu ann{\"a}hernd genauso vielen neuen Arbeitspl{\"a}tzen, sodass unterm Strich keine gr{\"o}{\ss}eren Besch{\"a}ftigungsverluste auftreten werden.},
  langid = {ngerman},
  file = {C:\Users\Kilian\Zotero\storage\CJXVP25M\digitalisierung-bringt-grosse-umwaelzungen-am-arbeitsmarkt.html}
}

@misc{DigitalisierungUndWas,
  title = {{Digitalisierung und was sie f{\"u}r Arbeitnehmer bedeutet}},
  urldate = {2025-04-02},
  abstract = {Was die Digitalisierung mit unseren Arbeitspl{\"a}tzen macht, wie K{\"u}nstliche Intelligenz und Algorithmen sie ver{\"a}ndern},
  howpublished = {https://www.verdi.de/themen/digitalisierung/++co++abf19972-cac5-11ec-b8ec-001a4a160129},
  langid = {ngerman},
  file = {C:\Users\Kilian\Zotero\storage\G9ADMH2D\++co++abf19972-cac5-11ec-b8ec-001a4a160129.html}
}

@misc{eichbergerEinflussCloudComputing2011,
  title = {{Der Einfluss des Cloud Computing}},
  author = {Eichberger, Johannes},
  year = {2011},
  month = oct,
  journal = {Cloudflight},
  urldate = {2025-04-02},
  abstract = {Cloud Computing steht f{\"u}r den n{\"a}chsten Paradigmenwechsel in der IT. Jedoch f{\"u}hren der flexible und auf Basis des Verbrauchs abgerechnete Bezug von Ressourcen ebenfalls zu Einfl{\"u}ssen, denen sich Unternehmen stellen m{\"u}ssen. Cloud Computing bietet Unternehmen eine Vielzahl von Vorteilen in Bezug auf die Art der Nutzung von IT-Ressourcen wie Hard- und Softwaresysteme. So sind Unternehmen [{\dots}]},
  howpublished = {https://www.cloudflight.io/de/blog/der-einfluss-des-cloud-computing/},
  langid = {ngerman}
}

@misc{EinflussBigData,
  title = {{Der Einfluss von Big Data auf unsere Gesellschaft}},
  journal = {serlo.org},
  urldate = {2025-04-02},
  abstract = {\{"plugin":"rows","state":[\{"plugin":"text","state":[\{"type":"p","children":[\{"text":""\}]\}],"id":"450b4e24-bebf-4345-8923-f0af8567994c"\}],"id":"f4c17471-cee8-4691-9de7-adc1f8b737b1"\}},
  howpublished = {https://de.serlo.org/informatik/106335/107783/der-einfluss-von-big-data-auf-unsere-gesellschaft},
  langid = {ngerman},
  file = {C:\Users\Kilian\Zotero\storage\6C7UX59Z\der-einfluss-von-big-data-auf-unsere-gesellschaft.html}
}

@article{gutjahrAugmentedRealityProduktion,
  title = {{Augmented Reality in der Produktion}},
  author = {Gutjahr, J and Riexinger, G and Strieg, F},
  langid = {ngerman},
  file = {C:\Users\Kilian\Zotero\storage\PJPRCTMI\Gutjahr et al. - Augmented Reality in der Produktion.pdf}
}

@misc{humanAugmentedRealityIndustrie2019,
  title = {{Augmented Reality in der Industrie: Herausforderungen, Potenziale, Chancen}},
  shorttitle = {{Augmented Reality in der Industrie}},
  author = {Human, Sebastian},
  year = {2019},
  month = nov,
  journal = {Industry of Things},
  urldate = {2025-04-02},
  abstract = {Augmented Reality ist im deutschen Fachjargon kaum noch wegzudenken. Alle sprechen dar{\"u}ber, doch nur die wenigsten Unternehmen nutzen es effektiv. Wie viel Potenzial steckt wirklich dahinter? Wie sehen die Einsatzm{\"o}glichkeiten aus?},
  howpublished = {https://www.industry-of-things.de/augmented-reality-in-der-industrie-herausforderungen-potenziale-chancen-a-882695/},
  langid = {ngerman},
  file = {C:\Users\Kilian\Zotero\storage\7XH6XV7H\augmented-reality-in-der-industrie-herausforderungen-potenziale-chancen-a-882695.html}
}

@misc{klingbeil-doeringDigitalisierungUndArbeitsmarkt2020,
  title = {{Digitalisierung und der Arbeitsmarkt}},
  author = {{Klingbeil-D{\"o}ring}, Wenke},
  year = {2020},
  month = sep,
  journal = {bpb.de},
  urldate = {2025-04-02},
  abstract = {Wir erleben Digitalisierung als eine dynamische, offene und vielseitig beeinflusste Entwicklung, die sich schwer fassen l{\"a}sst. Wie wirkt sich die Digitalisierung auf den deutschen Arbeitsmarkt aus?},
  howpublished = {https://www.bpb.de/themen/arbeit/arbeitsmarktpolitik/316908/digitalisierung-und-der-arbeitsmarkt/},
  langid = {ngerman},
  file = {C:\Users\Kilian\Zotero\storage\Z7FJUWVN\digitalisierung-und-der-arbeitsmarkt.html}
}

@book{neugebauerDigitalisierungSchluesseltechnologienFuer2018,
  title = {{Digitalisierung: Schl{\"u}sseltechnologien f{\"u}r Wirtschaft und Gesellschaft}},
  shorttitle = {{Digitalisierung}},
  editor = {Neugebauer, Reimund},
  year = {2018},
  publisher = {Springer},
  address = {Berlin, Heidelberg},
  urldate = {2025-03-30},
  copyright = {http://www.springer.com/tdm},
  isbn = {978-3-662-55889-8 978-3-662-55890-4},
  langid = {ngerman},
  keywords = {Cyber-Sicherheit,Datenanalyse und Datenubertragung,Digitale Systeme,Digitalisierung der Arbeitswelt,Digitaltechnik,Effizienz und Ressourcenschonung,Engineering Economics,Kommunikations- und Informationswege,moderner Datentechnik},
  file = {C:\Users\Kilian\Zotero\storage\ZMCDZNY6\Neugebauer - 2018 - Digitalisierung Schlüsseltechnologien für Wirtschaft und Gesellschaft.pdf}
}

@misc{ottenBegleitheftDTTBU2025,
  title = {Begleitheft {{DTTBU}}},
  author = {Otten, Prof. Dr. J{\"u}rgen},
  year = {2025}
}

@misc{Skalierbarkeit,
  title = {Skalierbarkeit},
  urldate = {2025-04-02},
  howpublished = {https://docs.oracle.com/de-de/iaas/Content/cloud-adoption-framework/era-scalability.htm},
  file = {C:\Users\Kilian\Zotero\storage\JIJ2K4KU\era-scalability.html}
}

@article{TegutNachHackerangriff2021,
  title = {{Tegut: Nach Hackerangriff tauchen interne Daten im Darknet auf}},
  shorttitle = {{Tegut}},
  year = {2021},
  month = may,
  journal = {Der Spiegel},
  issn = {2195-1349},
  urldate = {2025-04-02},
  abstract = {Tegut k{\"a}mpft mit den Folgen einer Attacke mit Erpressersoftware. Ein L{\"o}segeld wurde bislang offenbar nicht bezahlt. Die Angreifer ver{\"o}ffentlichen deshalb nun vom Unternehmen gesammelte Kundendaten.},
  chapter = {Netzwelt},
  langid = {ngerman},
  keywords = {Hacker,Netzwelt,Ransomware,Web},
  file = {C:\Users\Kilian\Zotero\storage\4NG67LPN\tegut-nach-hackerangriff-tauchen-interne-daten-im-darknet-auf-a-06d52a1a-b5df-4601-b7a6-c295d1c.html}
}

@misc{WasSindBigDataAnalysen,
  title = {{Was sind Big-Data-Analysen? {\textbar} Microsoft Azure}},
  shorttitle = {{Was sind Big-Data-Analysen?}},
  urldate = {2025-04-02},
  abstract = {Dieser Leitfaden bietet Ihnen eine Einf{\"u}hrung zu Big-Data-Analysen in der Cloud. Erfahren Sie, wie Big Data Ihnen eine ganzheitliche und fundierte Entscheidungsfindung erleichtern.},
  howpublished = {https://azure.microsoft.com/de-de/resources/cloud-computing-dictionary/what-is-big-data-analytics},
  langid = {ngerman},
  file = {C:\Users\Kilian\Zotero\storage\4X98NN3H\what-is-big-data-analytics.html}
}
