@online{JupyterLite,
  title = {{{JupyterLite}}},
  url = {https://jupyter.org/try-jupyter/lab/},
  urldate = {2024-09-08},
  file = {C:\Users\Kilian\Zotero\storage\Z9WXA9QV\lab.html}
}

@online{Matplotlibpyplot,
  title = {Matplotlib.Pyplot},
  url = {https://matplotlib.org/3.5.3/api/_as_gen/matplotlib.pyplot.html},
  urldate = {2024-09-08},
  file = {C:\Users\Kilian\Zotero\storage\3FGJQ7Z4\matplotlib.pyplot.html}
}

@online{ProjectJupyter,
  title = {Project {{Jupyter}}},
  url = {https://jupyter.org},
  urldate = {2024-09-08},
  abstract = {The Jupyter Notebook is a web-based interactive computing platform. The notebook combines live code, equations, narrative text, visualizations, interactive dashboards and other media.},
  langid = {english},
  file = {C:\Users\Kilian\Zotero\storage\Z6BNX25P\jupyter.org.html}
}
