
@report{3GPP.TS.22.261,
  author = {{3GPP}},
  date = {2017-09},
  institution = {{3rd Generation Partnership Project (3GPP)}},
  number = {22.261},
  title = {Service {{Requirements}} for {{5G}}},
  type = {TS},
  url = {http://3gpp.org/ftp/Specs./html-info/22261.htm}
}

@report{3GPP.TS.23.002.v3.6.0,
  author = {{3GPP}},
  date = {2002-09},
  institution = {{3rd Generation Partnership Project (3GPP)}},
  number = {23.002 v3.6.0},
  title = {Network Architecture},
  type = {TS},
  url = {http://3gpp.org/ftp/Specs./html-info/23002.htm}
}

@report{3GPP.TS.23.002.V8.7.0,
  author = {{3GPP}},
  date = {2010-12},
  institution = {{3rd Generation Partnership Project (3GPP)}},
  number = {23.002 V8.7.0},
  title = {Network Architecture ({{Release}} 8)},
  type = {TS},
  url = {http://3gpp.org/ftp/Specs./html-info/23002.htm}
}

@report{3GPP.TS.23.078.v11.2.0,
  author = {{3GPP}},
  date = {2012-03},
  institution = {{3rd Generation Partnership Project (3GPP)}},
  number = {23.078 v11.2.0},
  title = {Customised {{Applications}} for {{Mobile}} Network {{Enhanced Logic}}; ({{CAMEL}}) {{Phase}} 4; {{Stage}} 2},
  type = {TS},
  url = {http://3gpp.org/ftp/Specs./html-info/23078.htm}
}

@report{3GPP.TS.23.101.v3.1.0,
  author = {{3GPP}},
  date = {2000-12},
  institution = {{3rd Generation Partnership Project (3GPP)}},
  number = {23.101 v3.1.0},
  title = {General {{UMTS Architecture}}},
  type = {TS},
  url = {http://3gpp.org/ftp/Specs./html-info/23101.htm}
}

@report{3GPP.TS.23.107.v8.2.0,
  author = {{3GPP}},
  date = {2011-09},
  institution = {{3rd Generation Partnership Project (3GPP)(Release8)}},
  number = {23.107 v8.2.0},
  title = {Quality of {{Service}} ({{QoS}}) Concept and Architecture},
  type = {TS},
  url = {http://3gpp.org/ftp/Specs./html-info/23107.htm}
}

@report{3GPP.TS.23.140.v10.0.0,
  author = {{3GPP}},
  date = {2011-03},
  institution = {{3rd Generation Partnership Project (3GPP)}},
  number = {23.140 v10.0.0},
  title = {3rd {{Generation Partnership Project}}; {{Technical Specification Group Services}} and {{System Aspects}}; {{Multimedia Messaging Service}}; {{Stage2}}},
  type = {TS},
  url = {http://ftp.3gpp.org/specs/html-info/23140.htm}
}

@report{3GPP.TS.23.141.v10.0.0,
  author = {{3GPP}},
  date = {2011-03},
  institution = {{3rd Generation Partnership Project (3GPP)}},
  number = {23.141 v10.0.0},
  title = {3rd {{Generation Partnership Project}}; {{Technical Specification Group Services}} and {{System Aspects}}; {{Presence Service}}; {{Architecture}} and Functional Description},
  type = {TS},
  url = {http://ftp.3gpp.org/specs/html-info/23141.htm}
}

@report{3GPP.TS.23.203.v8.14.0,
  author = {{3GPP}},
  date = {2012-06},
  institution = {{3rd Generation Partnership Project (3GPP)}},
  number = {23.203 v8.14.0},
  title = {3rd {{Generation Partnership Project}}; {{Technical Specification Group Services}} and {{System Aspects}}; {{Policy}} and Charging Control Architecture ({{Release}} 8)},
  type = {TS},
  url = {http://3gpp.org/ftp/Specs./html-info/23203.htm}
}

@report{3GPP.TS.23.228.v11.4.0,
  author = {{3GPP}},
  date = {2012-03},
  institution = {{3rd Generation Partnership Project (3GPP)}},
  number = {23.228 v11.4.0},
  title = {{{IP Multimedia Subsystem}} ({{IMS}}); {{Stage}} 2},
  type = {TS},
  url = {http://ftp.3gpp.org/specs/html-info/23228.htm}
}

@report{3GPP.TS.23.228.v5.15.0,
  author = {{3GPP}},
  date = {2006-06},
  institution = {{3rd Generation Partnership Project (3GPP)}},
  number = {23.228 v5.15.0},
  title = {{{IP Multimedia Subsystem}} ({{IMS}}); {{Stage}} 2},
  type = {TS},
  url = {http://www.3gpp.org/DynaReport/23228.htm}
}

@report{3GPP.TS.23.228.v8.12.0,
  author = {{3GPP}},
  date = {2010-03},
  institution = {{3rd Generation Partnership Project (3GPP)}},
  number = {23.228 v8.12.0},
  title = {{{IP Multimedia Subsystem}} ({{IMS}}); {{Stage}} 2},
  type = {TS},
  url = {http://ftp.3gpp.org/specs/html-info/23228.htm}
}

@report{3GPP.TS.23.237.v10.7.0,
  author = {{3GPP}},
  date = {2011-09},
  institution = {{3rd Generation Partnership Project (3GPP)}},
  number = {23.237 v10.7.0},
  title = {{{IP Multimedia Subsystem}} ({{IMS}}) {{Service Continuity}}},
  type = {TS},
  url = {http://ftp.3gpp.org/specs/html-info/23237.htm}
}

@report{3GPP.TS.23.272.v8.10.0,
  author = {{3GPP}},
  date = {2010-12},
  institution = {{3rd Generation Partnership Project (3GPP)}},
  number = {23.272 v8.10.0},
  title = {Circuit {{Switched}} ({{CS}}) Fallback in {{Evolved Packet System}} ({{EPS}}), {{Stage2}}, {{Rel}}.8},
  type = {TS},
  url = {http://ftp.3gpp.org/specs/html-info/23272.htm}
}

@report{3GPP.TS.23.401.V11.3.0,
  author = {{3GPP}},
  date = {2012-11},
  institution = {{3rd Generation Partnership Project (3GPP)}},
  number = {23.401 V11.3.0},
  title = {{{GPRS}} Enhancements for {{E}}-{{UTRAN}} Access},
  type = {TS},
  url = {http://www.3gpp.org/ftp/Specs/html-info/23401.htm}
}

@report{3GPP.TS.23.406.v7.2.0,
  author = {{3GPP}},
  date = {2017-09},
  institution = {{3rd Generation Partnership Project (3GPP)}},
  number = {23.406 v7.2.0},
  title = {Services and {{System Aspects}}; {{IP Multimedia Subsystem}} ({{IMS}}); {{Stage}} 2 Description},
  type = {TS},
  url = {http://www.3gpp.org/ftp/Specs/html-info/23501.htm}
}

@report{3GPP.TS.23.417.v7.0.0,
  author = {{3GPP}},
  date = {2007-12},
  institution = {{3rd Generation Partnership Project (3GPP)}},
  number = {23.417 v7.0.0},
  title = {Services and {{System Aspects}}; {{IP Multimedia Subsystem}} ({{IMS}}); {{Functional}} Architecture},
  type = {TS},
  url = {http://www.3gpp.org/ftp/Specs/html-info/23417.htm}
}

@report{3GPP.TS.23.501,
  author = {{3GPP}},
  date = {2007-12},
  institution = {{3rd Generation Partnership Project (3GPP)}},
  number = {23.501},
  title = {System {{Architecture}} for the {{5G System}}},
  type = {TS},
  url = {http://www.3gpp.org/ftp/Specs/html-info/23417.htm}
}

@report{3GPP.TS.23.502,
  author = {{3GPP}},
  date = {2017-09},
  institution = {{3rd Generation Partnership Project (3GPP)}},
  number = {23.502},
  title = {Procedures for the {{5G System}}},
  type = {TS},
  url = {http://www.3gpp.org/ftp/Specs/html-info/23502.htm}
}

@report{3GPP.TS.23.502a,
  author = {{3GPP}},
  date = {2017-09},
  institution = {{3rd Generation Partnership Project (3GPP)}},
  number = {23.502},
  title = {Procedures for the {{5G System}}},
  type = {TS},
  url = {http://www.3gpp.org/ftp/Specs/html-info/23502.htm}
}

@report{3GPP.TS.24.141.v10.0.0,
  author = {{3GPP}},
  date = {2011-03},
  institution = {{3rd Generation Partnership Project (3GPP)}},
  number = {24.141 v10.0.0},
  title = {3rd {{Generation Partnership Project}}; {{Technical Specification Group Core Network}} and {{Terminals}}; {{Presence}} Service Using the {{IP Multimedia}} ({{IM}}) {{Core Network}} ({{CN}}) Subsystem; {{Stage}} 3},
  type = {TS},
  url = {http://ftp.3gpp.org/specs/html-info/24141.htm}
}

@report{3GPP.TS.24.173.v10.0.0,
  author = {{3GPP}},
  date = {2010-09},
  institution = {{3rd Generation Partnership Project (3GPP)}},
  number = {24.173 v10.0.0},
  title = {3rd {{Generation Partnership Project}}; {{IMS}} Multimedia Telephony Communication Service and Supplementary Services},
  type = {TS},
  url = {http://ftp.3gpp.org/specs/html-info/24173.htm}
}

@report{3GPP.TS.24.228.v5.15.0,
  author = {{3GPP}},
  date = {2009-09},
  institution = {{3rd Generation Partnership Project (3GPP)}},
  number = {24.228 v5.15.0},
  title = {Signalling Flows for the {{IP}} Multimedia Call Control Based on {{Session Initiation Protocol}} ({{SIP}}) and {{Session Description Protocol}} ({{SDP}}); {{Stage}} 3},
  type = {TS},
  url = {http://www.3gpp.org/ftp/Specs/archive/24_series/24.228/}
}

@report{3GPP.TS.24.229.v10.9.0,
  author = {{3GPP}},
  date = {2012-09},
  institution = {{3rd Generation Partnership Project (3GPP)}},
  number = {24.229 v10.9.0},
  title = {{{IP}} Multimedia Call Control Protocol Based on {{Session Initiation Protocol}} ({{SIP}}) and {{Session Description Protocol}} ({{SDP}}); {{Stage}} 3},
  type = {TS},
  url = {http://ftp.3gpp.org/Specs/html-info/24229.htm}
}

@report{3GPP.TS.24.229.v5.26.0,
  author = {{3GPP}},
  date = {2012-03},
  institution = {{3rd Generation Partnership Project (3GPP)}},
  number = {24.229 v5.26.0},
  title = {{{IP}} Multimedia Call Control Protocol Based on {{Session Initiation Protocol}} ({{SIP}}) and {{Session Description Protocol}} ({{SDP}}); {{Stage}} 3},
  type = {TS},
  url = {http://ftp.3gpp.org/Specs/html-info/24229.htm}
}

@report{3GPP.TS.24.286.v10.0.0,
  author = {{3GPP}},
  date = {2011-03},
  institution = {{3rd Generation Partnership Project (3GPP)}},
  number = {24.286 v10.0.0},
  title = {{{IP Multimedia}} ({{IM}}) {{Core Network}} ({{CN}}) Subsystem - {{Centralized Services}} ({{ICS}}); {{Management Object}} ({{MO}})},
  type = {TS},
  url = {http://ftp.3gpp.org/Specs/html-info/24286.htm}
}

@report{3GPP.TS.24.301.V8.10.0,
  author = {{3GPP}},
  date = {2011-06},
  institution = {{3rd Generation Partnership Project (3GPP)}},
  number = {24.301 V8.10.0},
  title = {{{UMTS}}; {{LTE}}; {{NAS}} Protocol for {{EPS}}; Stage 3},
  type = {TS},
  url = {http://ftp.3gpp.org/Specs/html-info/24301.htm}
}

@report{3GPP.TS.24.403.v7.3.0,
  author = {{3GPP}},
  date = {2009-06},
  institution = {{3rd Generation Partnership Project (3GPP)}},
  number = {24.403 v7.3.0},
  title = {{{IP}} Multimedia Call Control Protocol Based on {{Session Initiation Protocol}} ({{SIP}}) and {{Session Description Protocol}} ({{SDP}}); {{Stage}} 3 Modified},
  type = {TS},
  url = {http://ftp.3gpp.org/Specs/html-info/24403.htm}
}

@report{3GPP.TS.25.301.V9.2.0,
  author = {{3GPP}},
  date = {2010-06},
  institution = {{3rd Generation Partnership Project (3GPP)}},
  number = {25.301 V9.2.0},
  title = {Radio {{Interface Protocol Architecture}} ({{Release}} 9)},
  type = {TS},
  url = {http://ftp.3gpp.org/Specs/html-info/25301.htm}
}

@report{3GPP.TS.25.301.V9.2.0a,
  author = {{3GPP}},
  date = {2010-06},
  institution = {{3rd Generation Partnership Project (3GPP)}},
  number = {25.301 V9.2.0},
  title = {Radio {{Interface Protocol Architecture}} ({{Release}} 9)},
  type = {TS},
  url = {http://ftp.3gpp.org/Specs/html-info/25301.htm}
}

@report{3GPP.TS.25.306.V9.10.0,
  author = {{3GPP}},
  date = {2012-12},
  institution = {{3rd Generation Partnership Project (3GPP)}},
  number = {25.306 V9.10.0},
  title = {{{UE Radio Access}} Capabilities ({{Release9}})},
  type = {TS},
  url = {http://ftp.3gpp.org/Specs/html-info/25306.htm}
}

@report{3GPP.TS.26.131.v14.1.0,
  author = {{3GPP}},
  date = {2017-06},
  institution = {{3rd Generation Partnership Project (3GPP)}},
  number = {26.131 (v14.1.0)},
  title = {3rd {{Generation Partnership Project}}; {{Technical Specification Group Services}} and {{System Aspects}}; {{Terminal}} Acoustic Characteristics for Telephony; {{Requirements}} ({{Release}} 14)},
  type = {TS},
  url = {http://www.3gpp.org/ftp//Specs/archive/26_series/26.131/26131-e10.zip}
}

@report{3GPP.TS.26.235.v9.0.0,
  author = {{3GPP}},
  date = {2009-12},
  institution = {{3rd Generation Partnership Project (3GPP)}},
  number = {26.235 v9.0.0},
  title = {Packet Switched Conversational Multimedia Applications; {{Default}} Codecs},
  type = {TS},
  url = {http://ftp.3gpp.org/specs/html-info/26235.htm}
}

@report{3GPP.TS.26.441.V14.0.0,
  author = {{3GPP}},
  date = {2017-03},
  institution = {{3rd Generation Partnership Project (3GPP)}},
  number = {26.441 V14.0.0},
  title = {Codec for {{Enhanced Voice Services}} ({{EVS}}); {{General Overview}}},
  type = {TS},
  url = {http://www.3gpp.org/news-events/3gpp-news/1639-evs_news}
}

@report{3GPP.TS.29.061.v9.3.0,
  author = {{3GPP}},
  date = {2010-06},
  institution = {{3rd Generation Partnership Project (3GPP)}},
  number = {29.061 v9.3.0},
  title = {Interworking between the {{Public Land Mobile Network}} ({{PLMN}}) Supporting Packet Based Services and {{Packet Data Networks}} ({{PDN}})},
  type = {TS},
  url = {http://ftp.3gpp.org/Specs/html-info/29061.htm}
}

@report{3GPP.TS.29.162.v9.5.0,
  author = {{3GPP}},
  date = {2010-06},
  institution = {{3rd Generation Partnership Project (3GPP)}},
  number = {29.162 v9.5.0},
  title = {Interworking between the {{IM CN}} Subsystem and {{IP}} Networks},
  type = {TS},
  url = {http://ftp.3gpp.org/Specs/html-info/29162.htm}
}

@report{3GPP.TS.29.165.v11.2.0,
  author = {{3GPP}},
  date = {2012-03},
  institution = {{3rd Generation Partnership Project (3GPP)}},
  number = {29.165 v11.2.0},
  title = {Technical {{Specification Group Core Network}} and {{Terminals}}; {{Inter}}-{{IMS Network}} to {{Network Interface}} ({{NNI}})},
  type = {TS},
  url = {http://ftp.3gpp.org/Specs/html-info/29165.htm}
}

@report{3GPP.TS.29.213.v9.3.0,
  author = {{3GPP}},
  date = {2010-06},
  institution = {{3rd Generation Partnership Project (3GPP)}},
  number = {29.213 v9.3.0},
  title = {Policy and Charging Control Signalling Flows and {{Quality}} of {{Service}} ({{QoS}}) Parameter Mapping},
  type = {TS},
  url = {http://ftp.3gpp.org/Specs/html-info/29213.htm}
}

@report{3GPP.TS.29.229.v11.0.0,
  author = {{3GPP}},
  date = {2011-12},
  institution = {{3rd Generation Partnership Project (3GPP)}},
  number = {29.229 v11.0.0},
  title = {Cx and {{Dx}} Interfaces Based on the {{Diameter}} Protocol; {{Protocol}} Details},
  type = {TS},
  url = {http://ftp.3gpp.org/specs/html-info/29229.htm}
}

@report{3GPP.TS.29.235.v10.0.0,
  author = {{3GPP}},
  date = {2011-03},
  institution = {{3rd Generation Partnership Project (3GPP)}},
  number = {29.235 v10.0.0},
  title = {Interworking between {{SIP}}-{{I}} Based Circuit-Switched Core Network and Other Networks},
  type = {TS},
  url = {http://ftp.3gpp.org/specs/html-info/29235.htm}
}

@report{3GPP.TS.29.238.v9.2.0,
  author = {{3GPP}},
  date = {2010-06},
  institution = {{3rd Generation Partnership Project (3GPP)}},
  number = {29.238 v9.2.0},
  title = {Interconnection {{Border Control Functions}} ({{IBCF}}) - {{Transition Gateway}} ({{TrGW}}) Interface; {{Ix}} Interface; {{Stage}} 3},
  type = {TS},
  url = {http://ftp.3gpp.org/specs/html-info/29238.htm}
}

@report{3GPP.TS.29.328.v11.3.0,
  author = {{3GPP}},
  date = {2012-03},
  institution = {{3rd Generation Partnership Project (3GPP)}},
  number = {29.328 v11.3.0},
  title = {{{IP Multimedia}} ({{IM}}) {{Subsystem Sh}} Interface; {{Signalling}} Flows and Message Contents},
  type = {TS},
  url = {http://ftp.3gpp.org/specs/html-info/29328.htm}
}

@report{3GPP.TS.29.421.v8.1.0,
  author = {{3GPP}},
  date = {2010-09},
  institution = {{3rd Generation Partnership Project (3GPP)}},
  number = {29.421 v8.1.0},
  title = {Endorsement of {{3GPP TS}} 29.162 {{Interworking}} between {{IM CN Sub}}-System and {{IP}} Networks},
  type = {TS},
  url = {http://ftp.3gpp.org/specs/html-info/29421.htm}
}

@report{3GPP.TS.32.102.v11.0.0,
  author = {{3GPP}},
  date = {2012-09},
  institution = {{3rd Generation Partnership Project (3GPP)}},
  number = {32.102 v11.0.0},
  title = {Technical {{Specification Group Services}} and {{System Aspects}}; {{Telecommunication}} Management; {{Architecture}}},
  type = {TS},
  url = {http://ftp.3gpp.org/Specs/html-info/32102.htm}
}

@report{3GPP.TS.32.240.v11.3.0,
  author = {{3GPP}},
  date = {2012-03},
  institution = {{3rd Generation Partnership Project (3GPP)}},
  number = {32.240 v11.3.0},
  title = {Telecommunication Management; {{Charging}} Management; {{Charging}} Architecture and Principles},
  type = {TS},
  url = {http://ftp.3gpp.org/Specs/html-info/32240.htm}
}

@report{3GPP.TS.32.260.v10.0.0,
  author = {{3GPP}},
  date = {2010-06},
  institution = {{3rd Generation Partnership Project (3GPP)}},
  number = {32.260 v10.0.0},
  title = {Telecommunication Management; {{Charging}} Management; {{IP Multimedia Subsystem}} ({{IMS}}) Charging},
  type = {TS},
  url = {http://ftp.3gpp.org/Specs/html-info/32260.htm}
}

@report{3GPP.TS.32.299.v11.3.0,
  author = {{3GPP}},
  date = {2012-03},
  institution = {{3rd Generation Partnership Project (3GPP)}},
  number = {32.299 v11.3.0},
  title = {Telecommunication Management; {{Charging}} Management; {{Diameter}} Charging Applications},
  type = {TS},
  url = {http://ftp.3gpp.org/Specs/html-info/32299.htm}
}

@report{3GPP.TS.33.210.v9.1.0,
  author = {{3GPP}},
  date = {2010-06},
  institution = {{3rd Generation Partnership Project (3GPP)}},
  number = {33.210 v9.1.0},
  title = {{{3G}} Security; {{Network Domain Security}} ({{NDS}}); {{IP}} Network Layer Security},
  type = {TS},
  url = {http://ftp.3gpp.org/Specs/html-info/33210.htm}
}

@report{3GPP.TS.33.328.v9.2.0,
  author = {{3GPP}},
  date = {2010-06},
  institution = {{3rd Generation Partnership Project (3GPP)}},
  number = {33.328 v9.2.0},
  title = {{{IP Multimedia Subsystem}} ({{IMS}}) Media Plane Security},
  type = {TS},
  url = {http://ftp.3gpp.org/Specs/html-info/33328.htm}
}

@report{3GPP.TS.36.30.v12.10.0,
  author = {{3GPP}},
  date = {2016-06},
  institution = {{3rd Generation Partnership Project (3GPP)}},
  number = {36.30 v12.10.0},
  title = {E-{{UTRAN}} - Overall Description},
  type = {TS},
  url = {http://www.3gpp.org/ftp//Specs/archive/36_series/36.300/}
}


