@misc{ConcurrencyInterruptsMicrocontrollers,
  title = {Concurrency and {{Interrupts}} in {{Microcontrollers}} and {{Embedded Systems}} - {{Technical Articles}}},
  urldate = {2025-09-21},
  howpublished = {https://www.allaboutcircuits.com/technical-articles/introduction-to-concurrency-interrupts-microcontrollers-embedded-systems/},
  file = {C:\Users\Kilian\Zotero\storage\6JW8YBBJ\introduction-to-concurrency-interrupts-microcontrollers-embedded-systems.html}
}

@misc{cummingsManagingConcurrencyComplex,
  title = {Managing {{Concurrency}} in {{Complex Embedded Systems}}},
  author = {Cummings, David M},
  langid = {english},
  urldate = {2025-09-21},
  howpublished = {https://www.state-machine.com/doc/Cummings1006.pdf},
  file = {C:\Users\Kilian\Zotero\storage\TYN4M2BE\Cummings - Managing Concurrency in Complex Embedded Systems.pdf}
}

@misc{HowAchieveDeterministic,
  title = {How to {{Achieve Deterministic Behavior}} in {{Real-Time Embedded Systems}} - {{Lance Harvie}}},
  urldate = {2025-09-23},
  howpublished = {https://www.embeddedrelated.com/showarticle/1742.php},
  file = {C:\Users\Kilian\Zotero\storage\DU78BFEP\1742.html}
}

@misc{LinuxTutorialPOSIX,
  title = {Linux {{Tutorial}}: {{POSIX Threads}}},
  urldate = {2025-09-22},
  howpublished = {https://www.cs.cmu.edu/afs/cs/academic/class/15492-f07/www/pthreads.html},
  file = {C:\Users\Kilian\Zotero\storage\X3G8QBGX\pthreads.html}
}

@misc{VisualParadigmOnlineProduktivitatssuite,
  title = {Visual {{Paradigm}} - {{Online-Produktivit{\"a}tssuite}}},
  urldate = {2025-08-31},
  howpublished = {https://online.visual-paradigm.com/de/},
  file = {C:\Users\Kilian\Zotero\storage\89KN28PR\de.html}
}
