
@report{ETSI.ES.282001.v1.1.1,
  author = {{ETSI}},
  date = {2005-08},
  institution = {{European Telecommunications Standards Institute (ETSI)}},
  number = {282001 v1.1.1},
  title = {Telecommunications and {{Internet}} Converged {{Services}} and {{Protocols}} for {{Advanced Networking}} ({{TISPAN}}); {{NGN Functional Architecture Release}} 1},
  type = {ES},
  url = {http://pda.etsi.org/pda/queryform.asp}
}

@report{ETSI.ES.282001.v2.0.0,
  author = {{ETSI}},
  date = {2008-03},
  institution = {{European Telecommunications Standards Institute (ETSI)}},
  number = {282001 v2.0.0},
  title = {Telecommunications and {{Internet}} Converged {{Services}} and {{Protocols}} for {{Advanced Networking}} ({{TISPAN}}); {{NGN Functional Architecture}}},
  type = {ES},
  url = {http://pda.etsi.org/pda/queryform.asp}
}

@report{ETSI.ES.282001.v3.4.1,
  author = {{ETSI}},
  date = {2009-09},
  institution = {{European Telecommunications Standards Institute (ETSI)}},
  number = {282001 v3.4.1},
  title = {Telecommunications and {{Internet}} Converged {{Services}} and {{Protocols}} for {{Advanced Networking}} ({{TISPAN}}); {{NGN Functional Architecture}}},
  type = {ES},
  url = {http://pda.etsi.org/pda/queryform.asp}
}

@report{ETSI.ES.282003.v1.1.1,
  author = {{ETSI}},
  date = {2006-06},
  institution = {{European Telecommunications Standards Institute (ETSI)}},
  number = {282003 v1.1.1},
  title = {Telecommunications and {{Internet}} Converged {{Services}} and {{Protocols}} for {{Advanced Networking}} ({{TISPAN}}); {{Resource}} and {{Admission Control Sub}}-System ({{RACS}}); {{Functional Architecture}}},
  type = {ES},
  url = {http://pda.etsi.org/pda/queryform.asp}
}

@report{ETSI.ES.282003.v2.0.0,
  author = {{ETSI}},
  date = {2008-05},
  institution = {{European Telecommunications Standards Institute (ETSI)}},
  number = {282003 v2.0.0},
  title = {Telecommunications and {{Internet}} Converged {{Services}} and {{Protocols}} for {{Advanced Networking}} ({{TISPAN}}); {{Resource}} and {{Admission Control Sub}}-System ({{RACS}}); {{Functional Architecture}}},
  type = {ES},
  url = {http://pda.etsi.org/pda/queryform.asp}
}

@report{ETSI.ES.282003.v3.4.2,
  author = {{ETSI}},
  date = {2010-04},
  institution = {{European Telecommunications Standards Institute (ETSI)}},
  number = {282003 v3.4.2},
  title = {Telecommunications and {{Internet}} Converged {{Services}} and {{Protocols}} for {{Advanced Networking}} ({{TISPAN}}); {{Resource}} and {{Admission Control Sub}}-System ({{RACS}}); {{Functional Architecture}}},
  type = {ES},
  url = {http://pda.etsi.org/pda/queryform.asp}
}

@report{ETSI.ES.282007.v1.2.1,
  author = {{ETSI}},
  date = {2008-11},
  institution = {{European Telecommunications Standards Institute (ETSI)}},
  number = {282007 v1.2.1},
  title = {Telecommunications and {{Internet}} Converged {{Services}} and {{Protocols}} for {{Advanced Networking}} ({{TISPAN}}); {{IP Multimedia Subsystem}} ({{IMS}}); {{Functional}} Architecture},
  type = {ES},
  url = {http://pda.etsi.org/pda/queryform.asp}
}

@report{ETSI.ES.282007.v2.1.1,
  author = {{ETSI}},
  date = {2008-11},
  institution = {{European Telecommunications Standards Institute (ETSI)}},
  number = {282007 v2.1.1},
  title = {Telecommunications and {{Internet}} Converged {{Services}} and {{Protocols}} for {{Advanced Networking}} ({{TISPAN}}); {{IP Multimedia Subsystem}} ({{IMS}}); {{Functional}} Architecture},
  type = {ES},
  url = {http://pda.etsi.org/pda/queryform.asp}
}

@report{ETSI.ES.283018.v1.1.4,
  author = {{ETSI}},
  date = {2007-10},
  institution = {{European Telecommunications Standards Institute (ETSI)}},
  number = {283018 v1.1.4},
  title = {Telecommunications and {{Internet}} Converged {{Services}} and {{Protocols}} for {{Advanced Networking}} ({{TISPAN}}); {{Resource}} and {{Admission Control}}: {{H}}.248 {{Profile}} for Controlling {{Border Gateway Functions}} ({{BGF}}) in the {{Resource}} and {{Admission Control Subsystem}} ({{RACS}}); {{Protocol}} Specification},
  type = {ES},
  url = {http://pda.etsi.org/pda/queryform.asp}
}

@report{ETSI.ES.283018.v2.7.2,
  author = {{ETSI}},
  date = {2010-01},
  institution = {{European Telecommunications Standards Institute (ETSI)}},
  number = {283018 v2.7.2},
  title = {Telecommunications and {{Internet}} Converged {{Services}} and {{Protocols}} for {{Advanced Networking}} ({{TISPAN}}); {{Resource}} and {{Admission Control}}: {{H}}.248 {{Profile}} for Controlling {{Border Gateway Functions}} ({{BGF}}) in the {{Resource}} and {{Admission Control Subsystem}} ({{RACS}}); {{Protocol}} Specification},
  type = {ES},
  url = {http://pda.etsi.org/pda/queryform.asp}
}

@report{ETSI.ES.283026.v2.4.1,
  author = {{ETSI}},
  date = {2008-11},
  institution = {{European Telecommunications Standards Institute (ETSI)}},
  number = {283026 v2.4.1},
  title = {Telecommunications and {{Internet}} Converged {{Services}} and {{Protocols}} for {{Advanced Networking}} ({{TISPAN}}); {{Resource}} and {{Admission Control}}; {{Protocol}} for {{QoS}} Reservation Information Exchange between the {{Service Policy Decision Function}} ({{SPDF}}) and the {{Access}}-{{Resource}} and {{Admission Control Function}} ({{A}}-{{RACF}}) in the {{Resource}} and {{Protocol}} Specification},
  type = {ES},
  url = {http://pda.etsi.org/pda/queryform.asp}
}

@report{ETSI.TR.102633.v1.1.1,
  author = {{ETSI}},
  date = {2008-10},
  institution = {{European Telecommunications Standards Institute (ETSI)}},
  number = {102633 v1.1.1},
  title = {Corporate {{Networks}} ({{NGCN}}); {{Next Generation Corporate Networks}} ({{NGCN}}) - {{General}}},
  type = {TR},
  url = {http://pda.etsi.org/pda/queryform.asp}
}

@report{ETSI.TR.180000.v1.1.1,
  author = {{ETSI}},
  date = {2006-02},
  institution = {{European Telecommunications Standards Institute (ETSI)}},
  number = {180000 v1.1.1},
  title = {Telecommunications and {{Internet Converged Services}} and {{Protocols}} for {{Advanced Networking}} ({{TISPAN}});{{NGN Terminology}}},
  type = {TR},
  url = {http://pda.etsi.org/pda/queryform.asp}
}

@report{ETSI.TR.182022.v2.0.0,
  author = {{ETSI}},
  date = {2007-12},
  institution = {{European Telecommunications Standards Institute (ETSI)}},
  number = {182022 v2.0.0},
  title = {Telecommunications and {{Internet Converged Services}} and {{Protocols}} for {{Advanced Networking}} ({{TISPAN}}); {{Architectures}} for {{QoS}} Handling},
  type = {TR},
  url = {http://pda.etsi.org/pda/queryform.asp}
}

@report{ETSI.TR.183046.v2.0.0,
  author = {{ETSI}},
  date = {2008-01},
  institution = {{European Telecommunications Standards Institute (ETSI)}},
  number = {183046 v2.0.0},
  title = {Telecommunications and {{Internet}} Converged {{Services}} and {{Protocols}} for {{Advanced Networking}} ({{TISPAN}}); {{SDP Interworking}} between {{SIP}}/{{SDP}} and {{H}}.248/{{SDP}}},
  type = {TR},
  url = {http://pda.etsi.org/pda/queryform.asp}
}

@report{ETSI.TR.183046.v3.1.1,
  author = {{ETSI}},
  date = {2009-08},
  institution = {{European Telecommunications Standards Institute (ETSI)}},
  number = {183046 v3.1.1},
  title = {Telecommunications and {{Internet}} Converged {{Services}} and {{Protocols}} for {{Advanced Networking}} ({{TISPAN}}); {{SDP Interworking}} between {{Call}}/{{Session Control Protocols}} ({{SIP}}/{{SDP}}, {{RTSP}}/{{SDP}}; Etc.) and the {{Gateway Control Protocol}} ({{H}}.248/{{SDP}})},
  type = {TR},
  url = {http://pda.etsi.org/pda/queryform.asp}
}

@report{ETSI.TS.118101.v2.10.0,
  author = {{ETSI}},
  date = {2016-10},
  institution = {{European Telecommunications Standards Institute (ETSI)}},
  number = {118101 v2.10.0},
  title = {{{oneM2M}}; {{Functional Architecture}}},
  type = {TS},
  url = {http://pda.etsi.org/pda/queryform.asp}
}

@report{ETSI.TS.123002.v3.6.0,
  author = {{ETSI}},
  date = {2002-09},
  institution = {{European Telecommunications Standards Institute (ETSI)}},
  number = {123002 v3.6.0},
  title = {Digital Cellular Telecommunications System ({{Phase}} 2+); {{Universal Mobile Telecommunications System}} ({{UMTS}}); {{Network Architecture}} ({{3GPP TS}} 23.002 Version 3.6.0 {{Release}} 1999)},
  type = {TS},
  url = {http://pda.etsi.org/pda/queryform.asp}
}

@report{ETSI.TS.123002.v4.8.0,
  author = {{ETSI}},
  date = {2003-06},
  institution = {{European Telecommunications Standards Institute (ETSI)}},
  number = {123002 v4.8.0},
  title = {Digital Cellular Telecommunications System ({{Phase}} 2+); {{Universal Mobile Telecommunications System}} ({{UMTS}}); {{Network}} Architecture ({{3GPP TS}} 23.002 Version 4.8.0 {{Release}} 4)},
  type = {TS},
  url = {http://pda.etsi.org/pda/queryform.asp}
}

@report{ETSI.TS.123002.v5.12.0,
  author = {{ETSI}},
  date = {2003-09},
  institution = {{European Telecommunications Standards Institute (ETSI)}},
  number = {123002 v5.12.0},
  title = {Digital Cellular Telecommunications System ({{Phase}} 2+); {{Universal Mobile Telecommunications System}} ({{UMTS}}); {{Network}} Architecture ({{3GPP TS}} 23.002 Version 5.12.0 {{Release}} 5)},
  type = {TS},
  url = {http://pda.etsi.org/pda/queryform.asp}
}

@report{ETSI.TS.123002.v6.10.0,
  author = {{ETSI}},
  date = {2005-12},
  institution = {{European Telecommunications Standards Institute (ETSI)}},
  number = {123002 v6.10.0},
  title = {Digital Cellular Telecommunications System ({{Phase}} 2+); {{Universal Mobile Telecommunications System}} ({{UMTS}}); {{Network}} Architecture ({{3GPP TS}} 23.002 Version 6.10.0 {{Release}} 6)},
  type = {TS},
  url = {http://pda.etsi.org/pda/queryform.asp}
}

@report{ETSI.TS.123002.v7.6.0,
  author = {{ETSI}},
  date = {2009-01},
  institution = {{European Telecommunications Standards Institute (ETSI)}},
  number = {123002 v7.6.0},
  title = {Digital Cellular Telecommunications System ({{Phase}} 2+); {{Universal Mobile Telecommunications System}} ({{UMTS}}); {{LTE}}; {{Network}} Architecture ({{3GPP TS}} 23.002 Version 7.6.0 {{Release}} 7)},
  type = {TS},
  url = {http://pda.etsi.org/pda/queryform.asp}
}

@report{ETSI.TS.123002.v8.6.0,
  author = {{ETSI}},
  date = {2009-10},
  institution = {{European Telecommunications Standards Institute (ETSI)}},
  number = {123002 v8.6.0},
  title = {Digital Cellular Telecommunications System ({{Phase}} 2+); {{Universal Mobile Telecommunications System}} ({{UMTS}}); {{LTE}}; {{Network}} Architecture ({{3GPP TS}} 23.002 Version 8.6.0 {{Release}} 8)},
  type = {TS},
  url = {http://pda.etsi.org/pda/queryform.asp}
}

@report{ETSI.TS.123002.v9.3.0,
  author = {{ETSI}},
  date = {2010-06},
  institution = {{European Telecommunications Standards Institute (ETSI)}},
  number = {123002 v9.3.0},
  title = {Digital Cellular Telecommunications System ({{Phase}} 2+); {{Universal Mobile Telecommunications System}} ({{UMTS}}); {{LTE}}; {{Network}} Architecture ({{3GPP TS}} 23.002 Version 9.3.0 {{Release}} 9)},
  type = {TS},
  url = {http://pda.etsi.org/pda/queryform.asp}
}

@report{ETSI.TS.123218.v5.9.0,
  author = {{ETSI}},
  date = {2006-06},
  institution = {{European Telecommunications Standards Institute (ETSI)}},
  number = {123218 v5.9.0},
  title = {Digital Cellular Telecommunications System ({{Phase}} 2+); {{Universal Mobile Telecommunications System}} ({{UMTS}}); {{IP Multimedia}} ({{IM}}) Session Handling; {{IM}} Call Model},
  type = {TS},
  url = {http://pda.etsi.org/pda/queryform.asp}
}

@report{ETSI.TS.123218.v6.4.0,
  author = {{ETSI}},
  date = {2006-06},
  institution = {{European Telecommunications Standards Institute (ETSI)}},
  number = {123218 v6.4.0},
  title = {Digital Cellular Telecommunications System ({{Phase}} 2+); {{Universal Mobile Telecommunications System}} ({{UMTS}}); {{IP Multimedia}} ({{IM}}) Session Handling; {{IM}} Call Model},
  type = {TS},
  url = {http://pda.etsi.org/pda/queryform.asp}
}

@report{ETSI.TS.123218.v7.10.0,
  author = {{ETSI}},
  date = {2010-01},
  institution = {{European Telecommunications Standards Institute (ETSI)}},
  number = {123218 v7.10.0},
  title = {Digital Cellular Telecommunications System ({{Phase}} 2+); {{Universal Mobile Telecommunications System}} ({{UMTS}}); {{LTE}}; {{IP Multimedia}} ({{IM}}) Session Handling},
  type = {TS},
  url = {http://pda.etsi.org/pda/queryform.asp}
}

@report{ETSI.TS.123218.v8.6.0,
  author = {{ETSI}},
  date = {2010-04},
  institution = {{European Telecommunications Standards Institute (ETSI)}},
  number = {123218 v8.6.0},
  title = {Digital Cellular Telecommunications System ({{Phase}} 2+); {{Universal Mobile Telecommunications System}} ({{UMTS}}); {{LTE}}; {{IP Multimedia}} ({{IM}}) Session Handling},
  type = {TS},
  url = {http://pda.etsi.org/pda/queryform.asp}
}

@report{ETSI.TS.123218.v9.2.0,
  author = {{ETSI}},
  date = {2010-06},
  institution = {{European Telecommunications Standards Institute (ETSI)}},
  number = {123218 v9.2.0},
  title = {Digital Cellular Telecommunications System ({{Phase}} 2+); {{Universal Mobile Telecommunications System}} ({{UMTS}}); {{LTE}}; {{IP Multimedia}} ({{IM}}) Session Handling},
  type = {TS},
  url = {http://pda.etsi.org/pda/queryform.asp}
}

@report{ETSI.TS.123221.v9.4.0,
  author = {{ETSI}},
  date = {2010-06},
  institution = {{European Telecommunications Standards Institute (ETSI)}},
  number = {123221 v9.4.0},
  title = {Digital Cellular Telecommunications System ({{Phase}} 2+); {{Universal Mobile Telecommunications System}} ({{UMTS}}); {{LTE}}; {{Architectural}} Requirements ({{3GPP TS}} 23.221 Version 9.4.0 {{Release}} 9)},
  type = {TS},
  url = {http://pda.etsi.org/pda/queryform.asp}
}

@report{ETSI.TS.123228.v5.15.0,
  author = {{ETSI}},
  date = {2006-06},
  institution = {{European Telecommunications Standards Institute (ETSI)}},
  number = {123228 v5.15.0},
  title = {Digital Cellular Telecommunications System ({{Phase}} 2+); {{Universal Mobile Telecommunications System}} ({{UMTS}}); {{IP Multimedia Subsystem}} ({{IMS}}); {{Stage}} 2 ({{3GPP TS}} 23.228 Version 5.15.0 {{Release}} 5)},
  type = {TS},
  url = {http://pda.etsi.org/pda/queryform.asp}
}

@report{ETSI.TS.123228.v6.16.0,
  author = {{ETSI}},
  date = {2007-03},
  institution = {{European Telecommunications Standards Institute (ETSI)}},
  number = {123228 v6.16.0},
  title = {Digital Cellular Telecommunications System ({{Phase}} 2+); {{Universal Mobile Telecommunications System}} ({{UMTS}}); {{IP Multimedia Subsystem}} ({{IMS}}); {{Stage}} 2 ({{3GPP TS}} 23.228 Version 6.16.0 {{Release}} 6)},
  type = {TS},
  url = {http://pda.etsi.org/pda/queryform.asp}
}

@report{ETSI.TS.123228.v7.16.0,
  author = {{ETSI}},
  date = {2010-01},
  institution = {{European Telecommunications Standards Institute (ETSI)}},
  number = {123228 v7.16.0},
  title = {Digital Cellular Telecommunications System ({{Phase}} 2+); {{Universal Mobile Telecommunications System}} ({{UMTS}}); {{LTE}}; {{IP Multimedia Subsystem}} ({{IMS}})},
  type = {TS},
  url = {http://pda.etsi.org/pda/queryform.asp}
}

@report{ETSI.TS.123228.v8.12.0,
  author = {{ETSI}},
  date = {2010-03},
  institution = {{European Telecommunications Standards Institute (ETSI)}},
  number = {123228 v8.12.0},
  title = {Digital Cellular Telecommunications System ({{Phase}} 2+); {{Universal Mobile Telecommunications System}} ({{UMTS}}); {{LTE}}; {{IP Multimedia Subsystem}} ({{IMS}})},
  type = {TS},
  url = {http://pda.etsi.org/pda/queryform.asp}
}

@report{ETSI.TS.123228.v9.3.0,
  author = {{ETSI}},
  date = {2010-03},
  institution = {{European Telecommunications Standards Institute (ETSI)}},
  number = {123228 v9.3.0},
  title = {Digital Cellular Telecommunications System ({{Phase}} 2+); {{Universal Mobile Telecommunications System}} ({{UMTS}}); {{LTE}}; {{IP Multimedia Subsystem}} ({{IMS}})},
  type = {TS},
  url = {http://pda.etsi.org/pda/queryform.asp}
}

@report{ETSI.TS.123406.v7.2.0,
  author = {{ETSI}},
  date = {2008-10},
  institution = {{European Telecommunications Standards Institute (ETSI)}},
  number = {123406 v7.2.0},
  title = {Digital Cellular Telecommunications System ({{Phase}} 2+); {{Universal Mobile Telecommunications System}} ({{UMTS}}); {{TISPAN}}; {{IP Multimedia Subsystem}} ({{IMS}})},
  type = {TS},
  url = {http://pda.etsi.org/pda/queryform.asp}
}

@report{ETSI.TS.123506.v8.1.0,
  author = {{ETSI}},
  date = {2010-10},
  institution = {{European Telecommunications Standards Institute (ETSI)}},
  number = {123506 v8.1.0},
  title = {Digital Cellular Telecommunications System ({{Phase}} 2+); {{Universal Mobile Telecommunications System}} ({{UMTS}}); {{TISPAN}}; {{IP Multimedia Subsystem}} ({{IMS}})},
  type = {TS},
  url = {http://pda.etsi.org/pda/queryform.asp}
}

@report{ETSI.TS.123517.v8.0.0,
  author = {{ETSI}},
  date = {2007-12},
  institution = {{European Telecommunications Standards Institute (ETSI)}},
  number = {123517 v8.0.0},
  title = {Digital Cellular Telecommunications System ({{Phase}} 2+); {{Universal Mobile Telecommunications System}} ({{UMTS}}); {{Telecommunications}} and {{Internet}} Converged {{Services}} and {{Protocols}} for {{Advanced Networking}} ({{TISPAN}}); {{IP Multimedia Subsystem}} ({{IMS}})},
  type = {TS},
  url = {http://pda.etsi.org/pda/queryform.asp}
}

@report{ETSI.TS.124229.v5.23.0,
  author = {{ETSI}},
  date = {2009-10},
  institution = {{European Telecommunications Standards Institute (ETSI)}},
  number = {124229 v5.23.0},
  title = {Digital Cellular Telecommunications System ({{Phase}} 2+); {{Universal Mobile Telecommunications System}} ({{UMTS}}); {{LTE}}; {{Internet Protocol}} ({{IP}}) Multimedia Call Control Protocol Based on {{Session Initiation Protocol}} ({{SIP}}) and {{Session Description Protocol}} ({{SDP}})},
  type = {TS},
  url = {http://pda.etsi.org/pda/queryform.asp}
}

@report{ETSI.TS.124229.v6.24.0,
  author = {{ETSI}},
  date = {2010-02},
  institution = {{European Telecommunications Standards Institute (ETSI)}},
  number = {124229 v6.24.0},
  title = {Digital Cellular Telecommunications System ({{Phase}} 2+); {{Universal Mobile Telecommunications System}} ({{UMTS}}); {{LTE}}; {{Internet Protocol}} ({{IP}}) Multimedia Call Control Protocol Based on {{Session Initiation Protocol}} ({{SIP}}) and {{Session Description Protocol}} ({{SDP}})},
  type = {TS},
  url = {http://pda.etsi.org/pda/queryform.asp}
}

@report{ETSI.TS.124229.v7.20.0,
  author = {{ETSI}},
  date = {2010-07},
  institution = {{European Telecommunications Standards Institute (ETSI)}},
  number = {124229 v7.20.0},
  title = {Digital Cellular Telecommunications System ({{Phase}} 2+); {{Universal Mobile Telecommunications System}} ({{UMTS}}); {{LTE}}; {{IP}} Multimedia Call Control Protocol Based on {{Session Initiation Protocol}} ({{SIP}}) and {{Session Description Protocol}} ({{SDP}})},
  type = {TS},
  url = {http://pda.etsi.org/pda/queryform.asp}
}

@report{ETSI.TS.124229.v7.20.0a,
  author = {{ETSI}},
  date = {2010-07},
  institution = {{European Telecommunications Standards Institute (ETSI)}},
  number = {124229 v7.20.0},
  title = {Digital Cellular Telecommunications System ({{Phase}} 2+); {{Universal Mobile Telecommunications System}} ({{UMTS}}); {{LTE}}; {{IP}} Multimedia Call Control Protocol Based on {{Session Initiation Protocol}} ({{SIP}}) and {{Session Description Protocol}} ({{SDP}})},
  type = {TS},
  url = {http://pda.etsi.org/pda/queryform.asp}
}

@report{ETSI.TS.124229.v8.12.0,
  author = {{ETSI}},
  date = {2010-07},
  institution = {{European Telecommunications Standards Institute (ETSI)}},
  number = {124229 v8.12.0},
  title = {Digital Cellular Telecommunications System ({{Phase}} 2+); {{Universal Mobile Telecommunications System}} ({{UMTS}}); {{LTE}}; {{IP}} Multimedia Call Control Protocol Based on {{Session Initiation Protocol}} ({{SIP}}) and {{Session Description Protocol}} ({{SDP}})},
  type = {TS},
  url = {http://pda.etsi.org/pda/queryform.asp}
}

@report{ETSI.TS.124229.v8.12.0a,
  author = {{ETSI}},
  date = {2010-07},
  institution = {{European Telecommunications Standards Institute (ETSI)}},
  number = {124229 v8.12.0},
  title = {Digital Cellular Telecommunications System ({{Phase}} 2+); {{Universal Mobile Telecommunications System}} ({{UMTS}}); {{LTE}}; {{IP}} Multimedia Call Control Protocol Based on {{Session Initiation Protocol}} ({{SIP}}) and {{Session Description Protocol}} ({{SDP}})},
  type = {TS},
  url = {http://pda.etsi.org/pda/queryform.asp}
}

@report{ETSI.TS.124229.v9.4.0,
  author = {{ETSI}},
  date = {2010-07},
  institution = {{European Telecommunications Standards Institute (ETSI)}},
  number = {124229 v9.4.0},
  title = {Digital Cellular Telecommunications System ({{Phase}} 2+); {{Universal Mobile Telecommunications System}} ({{UMTS}}); {{LTE}}; {{IP}} Multimedia Call Control Protocol Based on {{Session Initiation Protocol}} ({{SIP}}) and {{Session Description Protocol}} ({{SDP}})},
  type = {TS},
  url = {http://pda.etsi.org/pda/queryform.asp}
}

@report{ETSI.TS.124229.v9.4.0a,
  author = {{ETSI}},
  date = {2010-07},
  institution = {{European Telecommunications Standards Institute (ETSI)}},
  number = {124229 v9.4.0},
  title = {Digital Cellular Telecommunications System ({{Phase}} 2+); {{Universal Mobile Telecommunications System}} ({{UMTS}}); {{LTE}}; {{IP}} Multimedia Call Control Protocol Based on {{Session Initiation Protocol}} ({{SIP}}) and {{Session Description Protocol}} ({{SDP}})},
  type = {TS},
  url = {http://pda.etsi.org/pda/queryform.asp}
}

@report{ETSI.TS.129162.v6.2.0,
  author = {{ETSI}},
  date = {2005-09},
  institution = {{European Telecommunications Standards Institute (ETSI)}},
  number = {129162 v6.2.0},
  title = {Digital Cellular Telecommunications System ({{Phase}} 2+); {{Universal Mobile Telecommunications System}} ({{UMTS}}); {{Interworking}} between the {{IM CN}} Subsystem and {{IP}} Networks ({{3GPP TS}} 29.162 Version 6.2.0 {{Release}} 6)},
  type = {TS},
  url = {http://pda.etsi.org/pda/queryform.asp}
}

@report{ETSI.TS.129162.v7.3.0,
  author = {{ETSI}},
  date = {2009-04},
  institution = {{European Telecommunications Standards Institute (ETSI)}},
  number = {129162 v7.3.0},
  title = {Digital Cellular Telecommunications System ({{Phase}} 2+); {{Universal Mobile Telecommunications System}} ({{UMTS}}); {{LTE}}; {{Interworking}} between the {{IM CN}} Subsystem and {{IP}} Networks ({{3GPP TS}} 29.162 Version 7.3.0 {{Release}} 7)},
  type = {TS},
  url = {http://pda.etsi.org/pda/queryform.asp}
}

@report{ETSI.TS.129162.v8.3.0,
  author = {{ETSI}},
  date = {2010-06},
  institution = {{European Telecommunications Standards Institute (ETSI)}},
  number = {129162 v8.3.0},
  title = {Digital Cellular Telecommunications System ({{Phase}} 2+); {{Universal Mobile Telecommunications System}} ({{UMTS}}); {{LTE}}; {{Interworking}} between the {{IM CN}} Subsystem and {{IP}} Networks ({{3GPP TS}} 29.162 Version 8.3.0 {{Release}} 8)},
  type = {TS},
  url = {http://pda.etsi.org/pda/queryform.asp}
}

@report{ETSI.TS.129162.v9.5.0,
  author = {{ETSI}},
  date = {2010-06},
  institution = {{European Telecommunications Standards Institute (ETSI)}},
  number = {129162 v9.5.0},
  title = {Digital Cellular Telecommunications System ({{Phase}} 2+); {{Universal Mobile Telecommunications System}} ({{UMTS}}); {{LTE}}; {{Interworking}} between the {{IM CN}} Subsystem and {{IP}} Networks ({{3GPP TS}} 29.162 Version 9.5.0 {{Release}} 9)},
  type = {TS},
  url = {http://pda.etsi.org/pda/queryform.asp}
}

@report{ETSI.TS.129165.v8.5.0,
  author = {{ETSI}},
  date = {2010-04},
  institution = {{European Telecommunications Standards Institute (ETSI)}},
  number = {129165 v8.5.0},
  title = {Digital Cellular Telecommunications System ({{Phase}} 2+); {{Universal Mobile Telecommunications System}} ({{UMTS}}); {{LTE}}; {{Inter}}-{{IMS Network}} to {{Network Interface}} ({{NNI}}) ({{3GPP TS}} 29.165 Version 8.5.0 {{Release}} 8)},
  type = {TS},
  url = {http://pda.etsi.org/pda/queryform.asp}
}

@report{ETSI.TS.129165.v9.3.0,
  author = {{ETSI}},
  date = {2010-06},
  institution = {{European Telecommunications Standards Institute (ETSI)}},
  number = {129165 v9.3.0},
  title = {Digital Cellular Telecommunications System ({{Phase}} 2+); {{Universal Mobile Telecommunications System}} ({{UMTS}}); {{LTE}}; {{Inter}}-{{IMS Network}} to {{Network Interface}} ({{NNI}}) ({{3GPP TS}} 29.165 Version 9.3.0 {{Release}} 9)},
  type = {TS},
  url = {http://pda.etsi.org/pda/queryform.asp}
}

@report{ETSI.TS.129207.v5.9.0,
  author = {{ETSI}},
  date = {2004-09},
  institution = {{European Telecommunications Standards Institute (ETSI)}},
  number = {129207 v5.9.0},
  title = {Digital Cellular Telecommunications System ({{Phase}} 2+); {{Universal Mobile Telecommunications System}} ({{UMTS}}); {{Policy}} Control over {{Go}} Interface ({{3GPP TS}} 29.207 Version 5.9.0 {{Release}} 5)},
  type = {TS},
  url = {http://pda.etsi.org/pda/queryform.asp}
}

@report{ETSI.TS.129207.v6.5.0,
  author = {{ETSI}},
  date = {2005-09},
  institution = {{European Telecommunications Standards Institute (ETSI)}},
  number = {129207 v6.5.0},
  title = {Digital Cellular Telecommunications System ({{Phase}} 2+); {{Universal Mobile Telecommunications System}} ({{UMTS}}); {{Policy}} Control over {{Go}} Interface ({{3GPP TS}} 29.207 Version 6.5.0 {{Release}} 6)},
  type = {TS},
  url = {http://pda.etsi.org/pda/queryform.asp}
}

@report{ETSI.TS.129209.v6.7.0,
  author = {{ETSI}},
  date = {2007-06},
  institution = {{European Telecommunications Standards Institute (ETSI)}},
  number = {129209 v6.7.0},
  title = {Universal {{Mobile Telecommunications System}} ({{UMTS}}); {{Policy}} Control over {{Gq}} Interface ({{3GPP TS}} 29.209 Version 6.7.0 {{Release}} 6)},
  type = {TS},
  url = {http://pda.etsi.org/pda/queryform.asp}
}

@report{ETSI.TS.129235.v9.5.0,
  author = {{ETSI}},
  date = {2010-06},
  institution = {{European Telecommunications Standards Institute (ETSI)}},
  number = {129235 v9.5.0},
  title = {Digital Cellular Telecommunications System ({{Phase}} 2+); {{Universal Mobile Telecommunications System}} ({{UMTS}}); {{LTE}}; {{Interworking}} between {{SIP}}-{{I}} Based Circuit-Switched Core Network and Other Networks ({{3GPP TS}} 29.235 Version 9.5.0 {{Release}} 9)},
  type = {TS},
  url = {http://pda.etsi.org/pda/queryform.asp}
}

@report{ETSI.TS.129238.v9.2.0,
  author = {{ETSI}},
  date = {2010-06},
  institution = {{European Telecommunications Standards Institute (ETSI)}},
  number = {129238 v9.2.0},
  title = {Universal {{Mobile Telecommunications System}} ({{UMTS}}); {{LTE}}; {{Interconnection Border Control Functions}} ({{IBCF}}) - {{Transition Gateway}} ({{TrGW}}) Interface; {{Ix}} Interface},
  type = {TS},
  url = {http://pda.etsi.org/pda/queryform.asp}
}

@report{ETSI.TS.129421.v8.0.1,
  author = {{ETSI}},
  date = {2009-01},
  institution = {{European Telecommunications Standards Institute (ETSI)}},
  number = {129421 v8.0.1},
  title = {Digital Cellular Telecommunications System ({{Phase}} 2+); {{Universal Mobile Telecommunications System}} ({{UMTS}}); {{TISPAN}}; {{NGN Release}} 1},
  type = {TS},
  url = {http://pda.etsi.org/pda/queryform.asp}
}

@report{ETSI.TS.129421.v8.1.0,
  author = {{ETSI}},
  date = {2010-10},
  institution = {{European Telecommunications Standards Institute (ETSI)}},
  number = {129421 v8.1.0},
  title = {Digital Cellular Telecommunications System ({{Phase}} 2+); {{Universal Mobile Telecommunications System}} ({{UMTS}}); {{TISPAN}}; {{NGN Release}} 1; {{Endorsement}} of {{3GPP TS}} 29.162 {{Interworking}} between {{IM CN Sub}}-System and {{IP}} Networks ({{3GPP TS}} 29.421 Version 8.1.0 {{Release}} 8)},
  type = {TS},
  url = {http://pda.etsi.org/pda/queryform.asp}
}

@report{ETSI.TS.181002.v2.2.5,
  author = {{ETSI}},
  date = {2007-11},
  institution = {{European Telecommunications Standards Institute (ETSI)}},
  number = {181002 v2.2.5},
  title = {Telecommunications and {{Internet}} Converged {{Services}} and {{Protocols}} for {{Advanced Networking}} ({{TISPAN}}); {{Multimedia Telephony}} with {{PSTN}}/{{ISDN}} Simulation Services},
  type = {TS},
  url = {http://pda.etsi.org/pda/queryform.asp}
}

@report{ETSI.TS.181005.v3.3.1,
  author = {{ETSI}},
  date = {2009-12},
  institution = {{European Telecommunications Standards Institute (ETSI)}},
  number = {181005 v3.3.1},
  title = {Telecommunications and {{Internet}} Converged {{Services}} and {{Protocols}} for {{Advanced Networking}} ({{TISPAN}}); {{Service}} and {{Capability Requirements}}},
  type = {TS},
  url = {http://pda.etsi.org/pda/queryform.asp}
}

@report{ETSI.TS.181018.v2.0.0,
  author = {{ETSI}},
  date = {2007-08},
  institution = {{European Telecommunications Standards Institute (ETSI)}},
  number = {181018 v2.0.0},
  title = {Telecommunications and {{Internet}} Converged {{Services}} and {{Protocols}} for {{Advanced Networking}} ({{TISPAN}}); {{Requirements}} for {{QoS}} in a {{NGN}}},
  type = {TS},
  url = {http://pda.etsi.org/pda/queryform.asp}
}

@report{ETSI.TS.182006.v1.2.1,
  author = {{ETSI}},
  date = {2008-10},
  institution = {{European Telecommunications Standards Institute (ETSI)}},
  number = {182006 v1.2.1},
  title = {Telecommunications and {{Internet}} Converged {{Services}} and {{Protocols}} for {{Advanced Networking}} ({{TISPAN}}); {{IP Multimedia Subsystem}} ({{IMS}}); {{Stage}} 2 Description [{{3GPP TS}} 23.406 {{Release}} 7, Modified]},
  type = {TS},
  url = {http://pda.etsi.org/pda/queryform.asp}
}

@report{ETSI.TS.182006.v2.1.1,
  author = {{ETSI}},
  date = {2008-10},
  institution = {{European Telecommunications Standards Institute (ETSI)}},
  number = {182006 v2.1.1},
  title = {Telecommunications and {{Internet}} Converged {{Services}} and {{Protocols}} for {{Advanced Networking}} ({{TISPAN}}); {{IP Multimedia Subsystem}} ({{IMS}}); {{Stage}} 2 Description [{{3GPP TS}} 23.506 {{Release}} 8, Modified]},
  type = {TS},
  url = {http://pda.etsi.org/pda/queryform.asp}
}

@report{ETSI.TS.182012.v2.1.4,
  author = {{ETSI}},
  date = {2008-03},
  institution = {{European Telecommunications Standards Institute (ETSI)}},
  number = {182012 v2.1.4},
  title = {Telecommunications and {{Internet}} Converged {{Services}} and {{Protocols}} for {{Advanced Networking}} ({{TISPAN}}); {{IMS}}-Based {{PSTN}}/{{ISDN Emulation Sub}}-System ({{PES}}); {{Functional}} Architecture},
  type = {TS},
  url = {http://pda.etsi.org/pda/queryform.asp}
}

@report{ETSI.TS.182025.v2.1.1,
  author = {{ETSI}},
  date = {2008-09},
  institution = {{European Telecommunications Standards Institute (ETSI)}},
  number = {182025 v2.1.1},
  title = {Telecommunications and {{Internet}} Converged {{Services}} and {{Protocols}} for {{Advanced Networking}} ({{TISPAN}}); {{Business}} Trunking; {{Architecture}} and Functional Description},
  type = {TS},
  url = {http://pda.etsi.org/pda/queryform.asp}
}

@report{ETSI.TS.182032.v0.0.5,
  author = {{ETSI}},
  date = {2012-06},
  institution = {{European Telecommunications Standards Institute (ETSI)}},
  number = {182032 v0.0.5},
  title = {Telecommunications and {{Internet}} Converged {{Services}} and {{Protocols}} for {{Advanced Networking}} ({{TISPAN}}); {{CDN Interconnection Architecture}}; {{Draft}}},
  type = {TS},
  url = {http://docbox.etsi.org/TISPAN/Open/NGN_LATEST_DRAFTS/RELEASE_INDEPENDENT/02086_ts182032_cdn-i_architecture_v006_output_draft.pdf}
}

@report{ETSI.TS.183017.v1.4.0,
  author = {{ETSI}},
  date = {2007-08},
  institution = {{European Telecommunications Standards Institute (ETSI)}},
  number = {183017 v1.4.0},
  title = {Telecommunications and {{Internet Converged Services}} and {{Protocols}} for {{Advanced Networking}} ({{TISPAN}}); {{Resource}} and {{Admission Control}}: {{DIAMETER}} Protocol for Session Based Policy Set-up Information Exchange between the {{Application Function}} ({{AF}}) and the {{Service Policy Decision Function}} ({{SPDF}}); {{Protocol}} Specification},
  type = {TS},
  url = {http://pda.etsi.org/pda/queryform.asp}
}

@report{ETSI.TS.183017.v2.3.1,
  author = {{ETSI}},
  date = {2008-09},
  institution = {{European Telecommunications Standards Institute (ETSI)}},
  number = {183017 v2.3.1},
  title = {Telecommunications and {{Internet}} Converged {{Services}} and {{Protocols}} for {{Advanced Networking}} ({{TISPAN}}); {{Resource}} and {{Admission Control}}: {{DIAMETER}} Protocol for Session Based Policy Set-up Information Exchange between the {{Application Function}} ({{AF}}) and the {{Service Policy Decision Function}} ({{SPDF}}); {{Protocol}} Specification},
  type = {TS},
  url = {http://pda.etsi.org/pda/queryform.asp}
}

@report{ETSI.TS.183017.v3.2.1,
  author = {{ETSI}},
  date = {2010-02},
  institution = {{European Telecommunications Standards Institute (ETSI)}},
  number = {183017 v3.2.1},
  title = {Telecommunications and {{Internet}} Converged {{Services}} and {{Protocols}} for {{Advanced Networking}} ({{TISPAN}}); {{Resource}} and {{Admission Control}}: {{DIAMETER}} Protocol for Session Based Policy Set-up Information Exchange between the {{Application Function}} ({{AF}}) and the {{Service Policy Decision Function}} ({{SPDF}}); {{Protocol}} Specification},
  type = {TS},
  url = {http://pda.etsi.org/pda/queryform.asp}
}

@report{ETSI.TS.183021.v1.2.0,
  author = {{ETSI}},
  date = {2008-06},
  institution = {{European Telecommunications Standards Institute (ETSI)}},
  number = {183021 v1.2.0},
  title = {Telecommunications and {{Internet}} Converged {{Services}} and {{Protocols}} for {{Advanced Networking}} ({{TISPAN}}); {{NGN Release}} 1; {{Endorsement}} of {{3GPP TS}} 29.162 {{Interworking}} between {{IM CN Sub}}-System and {{IP}} Networks},
  type = {TS},
  url = {http://pda.etsi.org/pda/queryform.asp}
}

@report{ETSI.TS.183021.v2.0.0,
  author = {{ETSI}},
  date = {2008-06},
  institution = {{European Telecommunications Standards Institute (ETSI)}},
  number = {183021 v2.0.0},
  title = {Telecommunications and {{Internet}} Converged {{Services}} and {{Protocols}} for {{Advanced Networking}} ({{TISPAN}}); {{Endorsement}} of {{3GPP TS}} 29.162 {{Interworking}} between {{IM CN Sub}}-System and {{IP}} Networks},
  type = {TS},
  url = {http://pda.etsi.org/pda/queryform.asp}
}

@report{ETSI.TS.183063.v2.8.1,
  author = {{ETSI}},
  date = {2011-02},
  institution = {{European Telecommunications Standards Institute (ETSI)}},
  number = {183063 v2.8.1},
  title = {Telecommunications and {{Internet}} Converged {{Services}} and {{Protocols}} for {{Advanced Networking}} ({{TISPAN}}); {{IMS}}-Based {{IPTV}} Stage 3 Specification},
  type = {TS},
  url = {http://pda.etsi.org/pda/queryform.asp}
}

@report{ETSI.TS.186008-2.v1.1.1,
  author = {{ETSI}},
  date = {2007-10},
  institution = {{European Telecommunications Standards Institute (ETSI)}},
  number = {186008-2 v1.1.1},
  title = {Telecommunications and {{Internet}} Converged {{Services}} and {{Protocols}} for {{Advanced Networking}} ({{TISPAN}}); ) {{ISM}}/{{NGN Performance Benchmark}}; {{Part}} 2: {{Subsystem Configurations}} and {{Benchmarks}}},
  type = {TS},
  url = {http://pda.etsi.org/pda/queryform.asp}
}

@report{ETSI.TS.187001.v1.1.1,
  author = {{ETSI}},
  date = {2006-03},
  institution = {{European Telecommunications Standards Institute (ETSI)}},
  number = {187001 v1.1.1},
  title = {Telecommunications and {{Internet}} Converged {{Services}} and {{Protocols}} for {{Advanced Networking}} ({{TISPAN}}); {{NGN SECurity}} ({{SEC}}); {{Requirements}}},
  type = {TS},
  url = {http://pda.etsi.org/pda/queryform.asp}
}

@report{ETSI.TS.187001.v2.1.5,
  author = {{ETSI}},
  date = {2008-10},
  institution = {{European Telecommunications Standards Institute (ETSI)}},
  number = {187001 v2.1.5},
  title = {Telecommunications and {{Internet}} Converged {{Services}} and {{Protocols}} for {{Advanced Networking}} ({{TISPAN}}); {{NGN SECurity}} ({{SEC}}); {{Requirements}}},
  type = {TS},
  url = {http://pda.etsi.org/pda/queryform.asp}
}


