@misc{JupyterLite,
  title = {{{JupyterLite}}},
  urldate = {2024-09-08},
  howpublished = {https://jupyter.org/try-jupyter/lab/},
  file = {C:\Users\Kilian\Zotero\storage\Z9WXA9QV\lab.html}
}

@misc{Matplotlibpyplot,
  title = {Matplotlib.Pyplot},
  urldate = {2024-09-08},
  howpublished = {https://matplotlib.org/3.5.3/api/\_as\_gen/matplotlib.pyplot.html},
  file = {C:\Users\Kilian\Zotero\storage\3FGJQ7Z4\matplotlib.pyplot.html}
}

@misc{ProjectJupyter,
  title = {Project {{Jupyter}}},
  urldate = {2024-09-08},
  abstract = {The Jupyter Notebook is a web-based interactive computing platform. The notebook combines live code, equations, narrative text, visualizations, interactive dashboards and other media.},
  howpublished = {https://jupyter.org},
  langid = {english},
  file = {C:\Users\Kilian\Zotero\storage\Z6BNX25P\jupyter.org.html}
}
