
@online{_ArchitectureWebRTC_,
  title = {Architecture | {{WebRTC}}},
  url = {https://webrtc.org/architecture/},
  urldate = {2017-12-20}
}

@online{_CreateLaTeXTables_,
  title = {Create {{LaTeX}} Tables Online},
  url = {https://www.tablesgenerator.com/},
  urldate = {2018-12-19}
}

@online{alliance_NGNM5GWhitepaper_2015,
  author = {Alliance, NGNM},
  date = {2015-02},
  title = {{{NGNM 5G Whitepaper}}},
  url = {https://www.ngmn.org/uploads/media/NGMN_5G_White_Paper_V1_0_01.pdf}
}

@online{androidtcpdump_TcpdumpAndroidBinary_2017,
  author = {{Android tcpdump}},
  title = {Tcpdump for {{Android}} - Binary | {{Android}} Tcpdump},
  url = {https://www.androidtcpdump.com/},
  urldate = {2017-12-13},
  year = {03-09-17}
}

@online{apple_BonjourOverviewHttp_2011,
  author = {{Apple}},
  date = {2011-03},
  title = {Bonjour {{Overview}} {{http://developer.apple.com/library/mac/documentation/Cocoa$\backslash$newline/Conceptual/NetServices/Articles/about.html//apple\_ref/doc/uid/TP40002458-SW1}} (02/2011)},
  url = {http://developer.apple.com/library/mac/documentation/Cocoa\\newline/Conceptual/NetServices/Articles/about.html//apple_ref/doc/uid/TP40002458-SW1 (02/2011)}
}

@online{appleinc._IPhoneTechnicalSpecifications_2016,
  abstract = {This is 7. And it’s better than ever.  View all the technical specifications and see what’s new on iPhone 7 and iPhone 7 Plus.},
  author = {{Apple Inc.}},
  date = {2016-09-07},
  journaltitle = {Apple},
  title = {{{iPhone}} 7 - {{Technical Specifications}}},
  url = {http://www.apple.com/iphone-7/specs/},
  urldate = {2017-12-04}
}

@online{beverloo_ListChromiumCommand_2017,
  author = {Beverloo, Peter},
  date = {2017-12-04},
  title = {List of {{Chromium Command Line Switches}}},
  type = {Blog},
  url = {https://peter.sh/experiments/chromium-command-line-switches/},
  urldate = {2017-12-04}
}

@online{bind9.net_EmphBerkeleyInternetName_2012,
  author = {BIND9.NET, BIND9.ORG - Domain Name System},
  date = {2012-04},
  title = {$\backslash${{emphBerkeley Internet Name Domain}} {{http://www.bind9.net/}}},
  url = {http://www.bind9.net/}
}

@online{biniok_Tampermonkey_2016,
  abstract = {Tampermonkey is a free browser extension and the most popular userscript manager. It's available for Chrome, Microsoft Edge, Safari, Opera Next, and Firefox. Even though some of the supported browsers have native userscript support, Tampermonkey will give you much more convenience in managing your userscripts. It provides features like easy script installation, automatic update checks, a simple overview what scripts are running at a tab, a built-in editor and there is a good chance that incompatible scripts run fine with Tampermonkey. So give it a try!},
  author = {Biniok, Jan},
  date = {2016},
  title = {Tampermonkey},
  url = {http://tampermonkey.net},
  urldate = {2017-12-04}
}

@software{brickner_PcapNetNET_2017,
  author = {Brickner, Boaz},
  date = {2017-12-04T07:27:44Z},
  organization = {{Pcap.Net}},
  shorttitle = {Pcap.{{Net}}},
  title = {Pcap.{{Net}}: .{{NET}} Wrapper for {{WinPcap}} Written in {{C}}++/{{CLI}} and {{C}}\#, Which Features Almost All {{WinPcap}} Features and Includes a Packet Interpretation Framework},
  url = {https://github.com/PcapDotNet/Pcap.Net},
  urldate = {2017-12-15}
}

@software{ciscosystems_LibsrtpLibrarySRTP_2017,
  author = {{Cisco Systems}},
  date = {2017-12-14T02:51:36Z},
  organization = {{Cisco Systems}},
  shorttitle = {Libsrtp},
  title = {Libsrtp: {{Library}} for {{SRTP}} ({{Secure Realtime Transport Protocol}})},
  url = {https://github.com/cisco/libsrtp},
  urldate = {2017-12-15}
}

@online{codeauroraforum_LibalsaintfPlatformHardware_2013,
  author = {{Code Aurora Forum}},
  date = {2013-02-10},
  title = {Libalsa-Intf - Platform/Hardware/Qcom/Audio -},
  url = {https://source.codeaurora.org/quic/la//platform/hardware/qcom/audio/tree/libalsa-intf?id=3f1dd3b5db44a1b8d7fa063e13a0c3925777ebe8},
  urldate = {2017-12-03}
}

@online{consortium_DHCPServerHttp_2011,
  author = {Consortium, Inc Internet Systems},
  date = {2011-06},
  title = {{{DHCP}} 4.2 {{Server}} {{http://www.isc.org/software/dhcp/421-p1}}},
  url = {http://www.isc.org/software/dhcp/421-p1}
}

@software{deseyn_TmdsSdpSession_2017,
  author = {Deseyn, Tom},
  date = {2017-02-20T13:32:56Z},
  shorttitle = {Tmds.{{Sdp}}},
  title = {Tmds.{{Sdp}}: {{Session Description}} and {{Announcement Protocol}}},
  url = {https://github.com/tmds/Tmds.Sdp},
  urldate = {2017-12-15}
}

@online{devindra_PixelProvesHeadphone_,
  abstract = {Sorry headphone jack fans, the tech world is ready to move on.},
  author = {{devindra}},
  journaltitle = {Engadget},
  title = {The {{Pixel}} 2 Proves Headphone Jacks Are Truly Doomed},
  url = {https://www.engadget.com/2017/10/04/pixel-2-no-headphone-jack/},
  urldate = {2017-11-30}
}

@online{fernandezgallardo_InstitutFurSoftwaretechnik_2017,
  author = {Fernández Gallardo, Laura},
  date = {2017-09-27},
  title = {Institut Für {{Softwaretechnik}} Und {{Theoretische Informatik}}: {{Nautilus Speaker Characterization}} ({{NSC}}) {{Corpus}}},
  url = {http://www.qu.tu-berlin.de/?id=nsc-corpus},
  urldate = {2017-12-18}
}

@online{foundation_SDNArchitectureONFTR502_2014,
  author = {Foundation, Open Networking},
  date = {2014-04},
  title = {{{SDNArchitecture}}, {{ONF TR}}-502},
  url = {https://www.opennetworking.org/sdn-resources/technical-library}
}

@online{foundation_SDNWhitepaperONF_2016,
  author = {Foundation, Open Networking},
  date = {2016-04},
  title = {{{SDN Whitepaper ONF}}},
  url = {https://www.opennetworking.org/sdn-resources/technical-library}
}

@online{freesoftwarefoundation_EmphGNUGENERALPUBLIC_2007,
  author = {Free Software Foundation, Inc.},
  date = {2007-06},
  title = {$\backslash${{emphGNU GENERAL PUBLIC LICENSE}} {{http://www.gnu.org/licenses/gpl.html}}},
  url = {http://www.gnu.org/licenses/gpl.html}
}

@online{freesoftwarefoundationinc._GNUAutomake_2016,
  author = {{Free Software Foundation Inc.}},
  date = {2016-05-23},
  title = {{{GNU Automake}}},
  url = {https://www.gnu.org/software/automake/},
  urldate = {2017-12-18}
}

@online{golem.de_DateienGeloschtMicrosoft_2018,
  abstract = {Nach Beschwerden von Benutzern über gelöschte Dateien hat Microsoft die Auslieferung des Oktober-Updates von Windows 10 gestoppt. Bereits heruntergeladene Updates sollen nicht},
  author = {{Golem.de}},
  date = {2018-10-06},
  journaltitle = {Golem.de: IT-News für Profis},
  langid = {german},
  shorttitle = {Dateien gelöscht},
  title = {Dateien gelöscht: Microsoft warnt vor Installation von Windows-10-Update},
  url = {https://glm.io/136970},
  urldate = {2019-01-05}
}

@online{google_ListeningYourPixel_2017,
  author = {Google},
  journaltitle = {Google Support Forum},
  title = {Listening to Your {{Pixel Phone}} - {{Pixel Phone}}-{{Hilfe}}},
  url = {https://support.google.com/pixelphone/forum/AAAAb4-OgUsYvy0RfOPFfU/},
  urldate = {2017-11-30},
  year = {12-10-17}
}

@online{googleinc._PixelTechSpecs_2017,
  abstract = {Official Google Store for Google devices and accessories. Pixel 2, the Google Home family, Chromecast, Google Wifi, Daydream View, Google Pixelbook, Google Clips, and more},
  author = {{Google Inc.}},
  date = {2017-10},
  journaltitle = {Google Store},
  title = {Pixel 2 {{Tech Specs}}},
  url = {https://store.google.com/us/product/pixel_2_specs?hl=en-US},
  urldate = {2017-12-04}
}

@online{gsma_IR92IMS_2015,
  abstract = {IR.92 defines a voice over IMS profile by listing number of Evolved Universal Terrestrial Radio Access Network, evolved packet core, IMS core, and UE features which are considered essential to launch interoperable IMS based voice services. Download},
  author = {{GSMA}},
  date = {2015-04-08},
  title = {{{IR}}.92 {{IMS Profile}} for {{Voice}} and {{SMS}} v9.0},
  url = {http://www.gsma.com/newsroom/wp-content/uploads//IR.92-v9.0-1.pdf}
}

@online{ianaorganisation_EmphDHCPBOOTPParameters_2001,
  author = {IANA Organisation, R. Droms},
  date = {2001-01},
  title = {$\backslash${{emphDHCP}} and {{BOOTP Parameters}} {{http://www.iana.org/assignments/$\backslash$bootp-dhcp-parameters/bootp-dhcp-parameters.xml}}},
  url = {http://www.iana.org/assignments/bootp-dhcp-parameters/bootp-dhcp-parameters.xml}
}

@online{ibm_ComparisonIPv4IPv6_,
  abstract = {You might wonder how IPv6 differs from IPv4. You can use this table to quickly look up different concepts, IP functions, and the use of IP addresses in Internet protocols between IPv4 and IPv6.},
  author = {{IBM}},
  journaltitle = {IBM Knowledge Center},
  langid = {american},
  title = {Comparison of {{IPv4}} and {{IPv6}}},
  type = {reference},
  url = {https://www.ibm.com/support/knowledgecenter/ssw_ibm_i_61/rzai2/rzai2compipv4ipv6.htm?view=embed},
  urldate = {2017-12-19}
}

@online{meszaros_AllowCompilationMinGW_2017,
  author = {Meszaros, Martin},
  date = {2017-10-27},
  journaltitle = {GitHub},
  title = {Allow Compilation on {{MinGW}} with {{PCAP}} Support, {{Add}} New {{Commandline}} Options and Support {{RTP}} Extension Headers by {{MoeRT09}} · {{Pull Request}} \#18 · Xiph/Opus-Tools},
  url = {https://github.com/xiph/opus-tools/pull/18},
  urldate = {2017-12-19}
}

@online{meszaros_MakeRtpDecoder_2017,
  abstract = {For several reasons the compilation of rtp\_decoder fails when compiling on Windows using MinGW. This pull request fixes this.},
  author = {Meszaros, Martin},
  date = {2017-11-01},
  journaltitle = {GitHub},
  title = {Make Rtp\_decoder Compile on {{MinGW}} by {{MoeRT09}} · {{Pull Request}} \#372 · Cisco/Libsrtp},
  url = {https://github.com/cisco/libsrtp/pull/372},
  urldate = {2017-12-18}
}

@online{meszaros_QuARTCS_2017,
  abstract = {Welcome to the immmr Gitlab},
  author = {Meszaros, Martin},
  date = {2017-12-14},
  journaltitle = {GitLab},
  title = {{{QuARTCS}}},
  url = {https://gitlab.tlabscloud.com/mmeszaros/QuARTCS},
  urldate = {2017-12-14}
}

@online{microsoftdevelopernetwork_StdinStdoutStderr_2017,
  author = {{Microsoft Developer Network}},
  date = {2017},
  title = {Stdin, Stdout, Stderr},
  url = {https://msdn.microsoft.com/en-us/library/3x292kth.aspx},
  urldate = {2017-12-17}
}

@online{mingw_MinimalistGNUWindows_2017,
  author = {{MinGW}},
  date = {2017-12-13},
  title = {Minimalist {{GNU}} for {{Windows}}},
  url = {http://www.mingw.org/},
  urldate = {2017-12-18}
}

@online{onem2morg_OneM2Morg_2014,
  author = {{OneM2Morg}},
  date = {2014-04},
  title = {{{OneM2Morg}}},
  url = {https://www.opennetworking.org/sdn-resources/sdn-definition}
}

@online{online_TrafficcontrolhowtoHttpWww_2008,
  author = {Online, org Linux},
  date = {2008-06},
  title = {Traffic-Control-Howto {{http://www.linux.org/docs/ldp/howto/Traffic-Control-HOWTO/intro.html}}},
  url = {http://www.linux.org/docs/ldp/howto/Traffic-Control-HOWTO/intro.html}
}

@online{organisation_3gppreleases_2001,
  author = {Organisation, 3GPP},
  date = {2001-01},
  title = {3gppreleases},
  url = {http://www.3gpp.org/-releases-}
}

@online{pascual_WebRTCMUSTImplement_2013,
  author = {Pascual, Victor},
  date = {2013-08-12},
  journaltitle = {webrtcHacks},
  title = {{{WebRTC MUST}} Implement {{DTLS}}-{{SRTP}} but... {{MUST NOT}} Implement {{SDES}}?},
  url = {https://webrtchacks.com/webrtc-must-implement-dtls-srtp-but-must-not-implement-sdes/},
  urldate = {2017-12-18}
}

@online{peckham_IPhoneHeadphoneJack_2016,
  abstract = {Goodbye to the 3.5mm headphone jack},
  author = {Peckham, James},
  journaltitle = {TechRadar},
  shorttitle = {{{iPhone}} 7 Headphone Jack},
  title = {{{iPhone}} 7 Headphone Jack: Why Did {{Apple}} Drop It?},
  url = {http://www.techradar.com/news/phone-and-communications/mobile-phones/iphone-7-headphone-jack-the-story-so-far-1324866},
  urldate = {2017-11-30},
  year = {15-09-16}
}

@online{projectcartoon_ProjectCartoonWas_2007,
  author = {{Project Cartoon}},
  date = {2007-03-18},
  title = {Project {{Cartoon}}: {{Was}} Der {{Kunde}} Wollte},
  url = {http://www.projectcartoon.com/cartoon/1278},
  urldate = {2019-01-15}
}

@book{projectmanagementinstitute_GuideProjectManagement_2000,
  abstract = {A Guide to the Project Management Body of Knowledge (PMBOK(R) Guide)-2000 Edition is your basic reference and the world's de facto standard for the project management profession. It was designated an American National Standard (ANSI/PMI 99-001-2000) by the American National Standards Institute in March 2001. The Project Management Body of Knowledge (PMBOK(R)) is an inclusive term that describes the sum of knowledge within the profession of project management. The PMBOK(R) Guide identifies and describes the subset of principles and practices within the PMBOK(R) that are generally accepted and applicable to most projects most of the time. The guide also provides a common lexicon for talking about project management. Project management is a relatively young profession, and while there is substantial commonality around what is done, there is relatively little commonality in the terms used. An extensive glossary further aids in standardizing definitions of the most important concepts, terms, and phrases. The Project Management Institute (PMI(R)) uses the PMBOK(R) Guide as one of the references for the Project Management Professional (PMP(R)) Certification Examination. Major revisions and expansions of this edition include:},
  author = {{Project Management Institute}},
  date = {2000},
  isbn = {978-1-880410-22-6},
  keywords = {Business & Economics / Entrepreneurship,Business & Economics / Management,Business & Economics / Production & Operations Management,Business & Economics / Project Management,Business & Economics / Quality Control,Human resource management,Project management,Risk management},
  langid = {english},
  pagetotal = {238},
  publisher = {{Project Management Institute}},
  title = {A Guide to the Project Management Body of Knowledge ({{PMBOK}} Guide).}
}

@online{pulseaudio_PulseAudio_2014,
  author = {PulseAudio},
  date = {2014-12-29},
  title = {About {{PulseAudio}}},
  url = {https://www.freedesktop.org/wiki/Software/PulseAudio/About/},
  urldate = {2017-12-03}
}

@online{riverbedtechnology_WinPcapHome_2013,
  author = {{Riverbed Technology}},
  date = {2013-03-08},
  title = {{{WinPcap}} - {{Home}}},
  url = {https://www.winpcap.org/},
  urldate = {2017-12-18}
}

@online{s.cheshire_DraftEmphDNSBasedService_2011,
  author = {S. Cheshire, M. Krochmal},
  date = {2011-01},
  title = {Draft $\backslash${{emphDNS}}-{{Based Service Discovery}} {{http://files.dns-sd.org/draft-cheshire-dnsext-dns-sd.txt}}},
  url = {http://files.dns-sd.org/draft-cheshire-dnsext-dns-sd.txt}
}

@online{sox_SoXManual_2013,
  author = {{SoX}},
  date = {2013},
  title = {{{SoX}} Manual},
  url = {http://sox.sourceforge.net/sox.html},
  urldate = {2017-12-19}
}

@online{sox_SoXSoundEXchange_2015,
  author = {{SoX}},
  date = {2015-02-22},
  title = {{{SoX}} - {{Sound eXchange}} | {{HomePage}}},
  url = {http://sox.sourceforge.net/},
  urldate = {2017-12-15}
}

@online{statcounter_BrowserMarketShare_2017,
  abstract = {This graph shows the market share of browsers worldwide based on over 10 billion monthly page views.},
  author = {StatCounter},
  date = {2017-10},
  journaltitle = {StatCounter Global Stats},
  title = {Browser {{Market Share Worldwide}}},
  url = {http://gs.statcounter.com/browser-market-share/},
  urldate = {2017-11-30}
}

@online{statcounter_DesktopBrowserMarket_2017,
  abstract = {This graph shows the market share of desktop browsers worldwide based on over 10 billion monthly page views.},
  author = {StatCounter},
  date = {2017-10},
  journaltitle = {StatCounter Global Stats},
  title = {Desktop {{Browser Market Share Worldwide}}},
  url = {http://gs.statcounter.com/browser-market-share/desktop/worldwide},
  urldate = {2017-12-01}
}

@online{statcounter_OperatingSystemMarket_2017,
  abstract = {This graph shows the market share of operating systems worldwide based on over 10 billion monthly page views.},
  author = {StatCounter},
  date = {2017-10},
  journaltitle = {StatCounter Global Stats},
  title = {Operating {{System Market Share Worldwide}}},
  url = {http://gs.statcounter.com/os-market-share},
  urldate = {2017-11-30}
}

@online{swissqualag_MobileNetworkTesting_2016,
  author = {{SwissQual AG}},
  date = {2016},
  title = {Mobile {{Network Testing}}, {{Installation}} and {{Field Services}}, {{Benchmarking}}, {{Optimization}}, {{Service Qualtiy Monitoring}}, {{Data Management}}},
  url = {https://www.mobile-network-testing.com/en/},
  urldate = {2017-12-14}
}

@software{swissqualag_SQuadAnalyzer_2017,
  abstract = {SQuad Analyzer is a Windows 32 and 64 bit program, which consists of a set of components to predict speech quality and the decomposition of degradation.},
  author = {{SwissQual AG}},
  date = {2017-10-06},
  location = {{Zuchwil, Switzerland}},
  organization = {{SwissQual AG}},
  title = {{{SQuadAnalyzer}}},
  url = {http://www.swissqual.com},
  version = {2.4.2.7}
}

@online{thechromiumprojects_421054MakeFake_2014,
  author = {{The Chromium Projects}},
  date = {2014-10-07},
  journaltitle = {Chromium Bug Tracker},
  title = {421054 - {{Make}} Fake Audio Device Play Back Audio from a File},
  url = {https://bugs.chromium.org/p/chromium/issues/detail?id=421054},
  urldate = {2017-12-12}
}

@online{thechromiumprojects_ChromiumDepsLibsrtp_2017,
  author = {{The Chromium Projects}},
  date = {2017-07-27},
  title = {Chromium/Deps/Libsrtp - {{Git}} at {{Google}}},
  url = {https://chromium.googlesource.com/chromium/deps/libsrtp/},
  urldate = {2017-12-15}
}

@online{thechromiumprojects_ChromiumDepsOpus_2017,
  author = {{The Chromium Projects}},
  date = {2017-12-05},
  title = {Chromium/Deps/Opus - {{Git}} at {{Google}}},
  url = {https://chromium.googlesource.com/chromium/deps/opus/},
  urldate = {2017-12-15}
}

@online{thechromiumprojects_DeprecatingPowerfulFeatures_2017,
  abstract = {Home of the Chromium Open Source Project},
  author = {{The Chromium Projects}},
  title = {Deprecating {{Powerful Features}} on {{Insecure Origins}}},
  type = {Wiki},
  url = {https://www.chromium.org/Home/chromium-security/deprecating-powerful-features-on-insecure-origins},
  urldate = {2017-12-13},
  year = {28.11.17}
}

@online{thechromiumprojects_RunChromiumFlags_2017,
  abstract = {Home of the Chromium Open Source Project},
  author = {{The Chromium Projects}},
  date = {2017},
  journaltitle = {The Chromium Projects},
  title = {Run {{Chromium}} with Flags},
  url = {http://www.chromium.org/developers/how-tos/run-chromium-with-flags},
  urldate = {2017-12-04}
}

@online{thefreebsdproject_Hexdump_2014,
  author = {{The FreeBSD Project}},
  date = {2014-10-29},
  journaltitle = {Manual Pages},
  title = {Hexdump(1)},
  url = {https://www.freebsd.org/cgi/man.cgi?query=hexdump&sektion=1},
  urldate = {2017-12-19}
}

@online{thelinuxdocumentationproject_CreatingPipes_2001,
  author = {{The Linux Documentation Project}},
  date = {2001-06-14},
  title = {6.2.2 {{Creating Pipes}} in {{C}}},
  url = {https://www.tldp.org/LDP/lpg/node11.html},
  urldate = {2018-12-11}
}

@online{thelinuxinformationproject_WhatStandardInput_2006,
  author = {{The Linux Information Project}},
  date = {2006-12-19},
  title = {What Is Standard Input? -- A Definition by {{The Linux Information Project}} ({{LINFO}})},
  url = {http://www.linfo.org/standard_input.html},
  urldate = {2017-12-18}
}

@online{thetcpdumpteam_TcpdumpLibpcapPublic_2017,
  abstract = {Web site of Tcpdump and Libpcap},
  author = {{The Tcpdump Team}},
  langid = {english},
  title = {Tcpdump/{{Libpcap}} Public Repository},
  url = {http://www.tcpdump.org},
  urldate = {2017-12-13},
  year = {03-09-17}
}

@misc{viavi_RFC6349Testing_2015,
  author = {Viavi},
  date = {2015},
  langid = {english},
  title = {{{RFC}} 6349 {{Testing}} with {{TrueSpeed}}™ from {{Viavi Solutions}}™— {{Experience Your Network}} as {{Your Customers Do}}},
  url = {https://www.viavisolutions.com/en-uk/literature/rfc-6349-testing-truespeed-viavi-solutions-experience-your-network-your-custom-application-notes-en.pdf}
}

@online{wagner_TourGuide_2016,
  abstract = {New to C\#? Learn the basics of the language.},
  author = {Wagner, Bill and Latham, Luke and Onderka, Petr and Wenzel, Maira},
  date = {2016-10-08},
  title = {A {{Tour}} of {{C}}\# - {{C}}\# {{Guide}}},
  url = {https://docs.microsoft.com/en-us/dotnet/csharp/tour-of-csharp/},
  urldate = {2017-12-14}
}

@online{webrtc_ChromeWebRTC_2017,
  author = {{WebRTC}},
  title = {Chrome | {{WebRTC}}},
  url = {https://webrtc.org/web-apis/chrome/},
  urldate = {2017-12-13},
  year = {28-11-17}
}

@online{wireshark_CaptureFiltersWiresharkWiki_2016,
  author = {{Wireshark}},
  date = {2016-10-19},
  title = {{{CaptureFilters}} - {{The Wireshark Wiki}}},
  url = {https://wiki.wireshark.org/CaptureFilters},
  urldate = {2017-12-18}
}

@online{wireshark-community_DevelopmentLibpcapFileFormatWireshark_2015,
  author = {{Wireshark-Community}},
  date = {2015-08-23},
  title = {Development/{{LibpcapFileFormat}} - {{The Wireshark Wiki}}},
  url = {https://wiki.wireshark.org/Development/LibpcapFileFormat},
  urldate = {2017-12-18}
}

@online{wireshark-community_WiresharkGoDeep_2017,
  author = {{Wireshark-Community}},
  title = {Wireshark · {{Go Deep}}.},
  url = {https://www.wireshark.org/},
  urldate = {2017-12-13},
  year = {30-11-17}
}

@online{wolf_LinuxsystemprogrammierenCKurs_2003,
  author = {Wolf, Jürgen},
  date = {2003-11-09},
  journaltitle = {Linuxdelta},
  title = {Linuxsystemprogrammieren {{C}}-{{Kurs}}},
  url = {http://pronix.linuxdelta.de/C/Linuxprogrammierung/Linuxsystemprogrammieren_C_Kurs_Kapitel4.shtml},
  urldate = {2018-12-10}
}

@online{wolf_RheinwerkComputingShellProgrammierung_2005,
  author = {Wolf, Jürgen},
  date = {2005},
  title = {Rheinwerk {{Computing}} :: {{Shell}}-{{Programmierung}} – 5.6 {{Named Pipes}}},
  url = {http://openbook.rheinwerk-verlag.de/shell_programmierung/shell_007_005.htm},
  urldate = {2018-12-10}
}

@software{xiph.orgfoundation_OpustoolsSetTools_2017,
  author = {{Xiph.Org Foundation}},
  date = {2017-12-14T11:30:35Z},
  organization = {{Xiph.Org Foundation}},
  shorttitle = {Opus-Tools},
  title = {Opus-Tools: {{A}} Set of Tools to Encode, Inspect, and Decode Audio in the {{Opus}} Format},
  url = {https://github.com/xiph/opus-tools},
  urldate = {2017-12-14}
}


