@misc{10StandortsicherungpptxYou,
  title = {10 - {{Standortsicherung}}.Pptx {\textbar} {{You And Me}}},
  urldate = {2020-08-19},
  howpublished = {https://yam.telekom.de/docs/DOC-614242},
  file = {C:\Users\Kilian\Zotero\storage\QX3NT2PP\DOC-614242.html}
}

@misc{11WegesicherungsunterlagenErstellen,
  title = {11 - {{Wegesicherungsunterlagen}} Erstellen Und Dru... {\textbar} {{You And Me}}},
  urldate = {2020-08-19},
  howpublished = {https://yam.telekom.de/docs/DOC-652297},
  file = {C:\Users\Kilian\Zotero\storage\B96WANQF\DOC-652297.html}
}

@misc{achimsawallTKGNovelleErleichterungFuer2020,
  title = {{TKG-Novelle: Erleichterung f{\"u}r Trenching, Strafen f{\"u}r niedrige Bandbreite - Golem.de}},
  shorttitle = {{TKG-Novelle}},
  author = {{Achim Sawall}},
  year = {2020},
  month = aug,
  urldate = {2020-10-27},
  abstract = {Das neue Telekommunikationsgesetz verspricht einen schnelleren Glasfaser-Ausbau, Roaming-Pflicht und mehr Kunderechte.},
  howpublished = {https://www.golem.de/news/tkg-novelle-erleichterung-fuer-trenching-strafen-fuer-niedrige-bandbreite-2008-150133.html},
  langid = {ngerman},
  file = {C:\Users\Kilian\Zotero\storage\QNQH7698\tkg-novelle-erleichterung-fuer-trenching-strafen-fuer-niedrige-bandbreite-2008-150133.html}
}

@misc{adambarWhatWebCan2020,
  title = {What {{Web Can Do Today}}},
  author = {{Adam Bar}},
  year = {2020},
  journal = {WhatWebCanDo},
  urldate = {2020-12-03},
  abstract = {Can I rely on the Web Platform features to build my app? An overview of the device integration HTML5 APIs.},
  howpublished = {https://whatwebcando.today/},
  langid = {english},
  file = {C:\Users\Kilian\Zotero\storage\9CGPUTAJ\whatwebcando.today.html}
}

@misc{agInfografiken,
  title = {{Infografiken}},
  author = {AG, Deutsche Telekom},
  urldate = {2020-08-24},
  abstract = {Hochaufl{\"o}sende Infografiken zum Download f{\"u}r Medienschaffende.},
  howpublished = {https://www.telekom.com/de/medien/mediencenter/infografiken},
  langid = {ngerman},
  file = {C:\Users\Kilian\Zotero\storage\RWLYFBW7\infografiken.html}
}

@misc{agKuenstlicheIntelligenzBringt,
  title = {{K{\"u}nstliche Intelligenz bringt Glasfaser nach Schwaben}},
  author = {AG, Deutsche Telekom},
  urldate = {2020-11-25},
  abstract = {Laser, Kameras und k{\"u}nstliche Intelligenz - in 170 Kommunen in und um Stuttgart wird Glasfaser mit hochmoderner Hard- und Software verlegt. Wir zeigen wie.},
  howpublished = {https://www.telekom.com/de/blog/netz/artikel/stuttgart-ftth-mit-ki-570944},
  langid = {ngerman},
  file = {C:\Users\Kilian\Zotero\storage\Y8D5XALL\stuttgart-ftth-mit-ki-570944.html}
}

@book{aicheleAppEntwicklungEffizientUnd2016,
  title = {{App-Entwicklung -- effizient und erfolgreich: Eine kompakte Darstellung von Konzepten, Methoden und Werkzeugen}},
  shorttitle = {{App-Entwicklung -- effizient und erfolgreich}},
  author = {Aichele, Christian and Sch{\"o}nberger, Marius},
  year = {2016},
  publisher = {Springer Vieweg},
  doi = {10.1007/978-3-658-13685-7},
  urldate = {2020-11-30},
  abstract = {Dieses Buch erm{\"o}glicht durch die Darstellung fachlicher und technologischer Grundlagen sowie der Beschreibung notwendiger Aktivit{\"a}ten zur mobilen Anwendungsentwicklung einen Einstieg in die Thematik. Anhand eines standardisierten Vorgehensmodells werden die einzelnen Phasen der mobilen Anwendungsentwicklung aufgezeigt und die Unterst{\"u}tzung der phasenbezogenen Aktivit{\"a}ten durch den Einsatz etablierter Entwicklungswerkzeuge dargestellt. Das Buch wendet sich vornehmlich an Unternehmer, IT-Verantwortliche und IT-Praktiker aus IT-anwendenden Unternehmen und IT-Unternehmen. Ferner an Lehrende und Studenten der Wirtschaftsinformatik und BWL.},
  isbn = {978-3-658-13684-0},
  langid = {ngerman},
  file = {C\:\\Users\\Kilian\\Zotero\\storage\\CDX4MC52\\Aichele und Schönberger - 2016 - App-Entwicklung – effizient und erfolgreich Eine .pdf;C\:\\Users\\Kilian\\Zotero\\storage\\36TLDM9D\\9783658136840.html}
}

@phdthesis{alfredvoglgsangModellFurNebensprechstorungen2003,
  title = {Modell Fur{\textasciidieresis} {{Nebensprechst}}{\textasciidieresis}orungen Auf {{xDSL-Leitungen}} Und Dessen Praktische {{Umsetzung}}},
  author = {{Alfred Voglgsang}},
  year = {2003},
  month = sep,
  urldate = {2020-10-27},
  school = {Technischen Universit{\"a}t M{\"u}nchen},
  file = {C:\Users\Kilian\Zotero\storage\WPCNJAES\601605.pdf}
}

@book{allweyerBPMN20Business2020,
  title = {{BPMN 2.0 - Business Process Model and Notation: Einf{\"u}hrung in den Standard f{\"u}r die Gesch{\"a}ftsprozessmodellierung}},
  shorttitle = {{BPMN 2.0 - Business Process Model and Notation}},
  author = {Allweyer, Thomas},
  year = {2020},
  month = jan,
  publisher = {BoD -- Books on Demand},
  abstract = {BPMN (Business Process Model and Notation) ist der etablierte Standard f{\"u}r die Gesch{\"a}ftsprozessmodellierung, der in nur wenigen Jahren eine weite Verbreitung in der Praxis gefunden hat. Alle wichtigen Modellierungswerkzeuge bieten die BPMN zur grafischen Darstellung betrieblicher Abl{\"a}ufe an. Es lassen sich sowohl fachliche Modelle als auch technisch ausgerichtete Diagramme erstellen, die als Grundlage f{\"u}r die Ausf{\"u}hrung in einem Workflow- oder Business Process Management-System (BPMS) dienen. Dieses Buch f{\"u}hrt anhand zahlreicher praxisorientierter Beispiele schrittweise in die BPMN ein. Ausgehend von den grundlegenden Elementen zur {\"u}bersichtlichen Ablaufmodellierung werden nach und nach alle Diagramme der BPMN 2.0 detailliert vorgestellt. Sie lernen die komplette Notation kennen und verstehen. Sie erfahren, wie sie die verschiedenen Sprachkonstrukte korrekt einsetzen. Eine Sammlung bew{\"a}hrter Muster hilft Ihnen bei der L{\"o}sung typischer Fragestellungen aus der Praxis der Prozessmodellierung.},
  googlebooks = {LNbKDwAAQBAJ},
  isbn = {978-3-7504-3526-1},
  langid = {ngerman},
  keywords = {Computers / Enterprise Applications / General,Computers / Software Development & Engineering / General}
}

@misc{andrehofmannMicroTrenchingGlasfaserkabelNoch2016,
  title = {{Micro-Trenching: Glasfaserkabel noch schneller verlegen}},
  shorttitle = {{Micro-Trenching}},
  author = {{Andre Hofmann} and {Deutsche Telekom AG}},
  year = {2016},
  month = sep,
  urldate = {2020-09-14},
  abstract = {Eine spezielle Fr{\"a}smaschine kann in manchen F{\"a}llen den Bagger abl{\"o}sen. Dann reicht es f{\"u}r das Glasfaserkabel, wenn Micro-Trenching schmal in den Asphalt schneidet. Wie das geht, steht hier.},
  howpublished = {https://www.telekom.com/de/blog/netz/artikel/micro-trenching-glasfaserkabel-noch-schneller-verlegen-442028},
  langid = {ngerman},
  file = {C:\Users\Kilian\Zotero\storage\WYBJRBAX\micro-trenching-glasfaserkabel-noch-schneller-verlegen-442028.html}
}

@misc{AndroidEntwickler,
  title = {Android-{{Entwickler}}},
  journal = {Android Developers},
  urldate = {2020-08-22},
  howpublished = {https://developer.android.com/design?hl=de},
  langid = {english},
  file = {C:\Users\Kilian\Zotero\storage\TSI7HA9Q\design.html}
}

@misc{antoniorodriguezmorenoWebbrowserAmArbeitsplatz2020,
  title = {Webbrowser Am {{Arbeitsplatz}} {\textbar} {{You And Me}}},
  author = {{Antonio Rodriguez Moreno}},
  year = {2020},
  month = jan,
  urldate = {2020-11-03},
  abstract = {Welche Browser k{\"o}nnen noch auf den APS installiert (sind freigegeben) werden (Chrom, Firefox, {\dots})? Derzeit werden Edge (Edge-HTML, nur auf Win10), IE11, Google Chrome und Mozilla Firefox zur Verf{\"u}gung gestellt.},
  howpublished = {https://yam.telekom.de/thread/135758},
  file = {C:\Users\Kilian\Zotero\storage\MLGU45F6\135758.html}
}

@misc{app3nullgmbhHybrideAppsVs2018,
  title = {{Hybride Apps vs. native Apps vs. Web-Apps}},
  author = {{APP3null GmbH}},
  year = {2018},
  month = sep,
  journal = {APP3null GmbH},
  urldate = {2020-12-03},
  abstract = {Native Apps vs. Hybrid Apps vs. Web App - Unterschied, diverse Tools/Frameworks, Kosten der Entwicklung. Guide f{\"u}r Native/Hybride/Web Apps},
  langid = {ngerman},
  file = {C:\Users\Kilian\Zotero\storage\53IDL94N\native-hybride-web-apps.html}
}

@misc{app3nullgmbhProgressiveWebApp2020,
  title = {{Progressive Web App (PWA): Vorteile, Nachteile, Anwendungsbeispiele}},
  shorttitle = {{Progressive Web App (PWA)}},
  author = {{APP3null GmbH}},
  year = {2020},
  month = oct,
  journal = {APP3null GmbH},
  urldate = {2020-12-02},
  abstract = {Was ist eine Progressive Web App (PWA)? Welche Technologien werden verwendet? Was sind die Vorteile und Nachteile von PWA? Jetzt erfahren!},
  langid = {ngerman},
  file = {C:\Users\Kilian\Zotero\storage\9YGSU53H\progressive-web-apps.html}
}

@misc{AppGestaltungBrandDesign,
  title = {App-{{Gestaltung}} - {{Brand}} \& {{Design Deutsche Telekom}}},
  urldate = {2020-08-22},
  howpublished = {https://www.brand-design.telekom.com/downloads/app-gestaltung/}
}

@misc{BarrierefreiheitAutomatischePrufung,
  title = {Barrierefreiheit: {{Automatische Pr{\"u}fung}} F{\"u}r {{Offi}}... {\textbar} {{You And Me}}},
  urldate = {2020-08-19},
  howpublished = {https://yam.telekom.de/docs/DOC-709620},
  file = {C:\Users\Kilian\Zotero\storage\VWSMF726\DOC-709620.html}
}

@misc{BereichsprasentationTechnikDeutschlanda,
  title = {Bereichspr{\"a}sentation {{Technik Deutschland}} {\textbar} {{You And Me}}},
  urldate = {2020-08-19},
  howpublished = {https://yam.telekom.de/docs/DOC-397293},
  file = {C:\Users\Kilian\Zotero\storage\7JE2S2KV\DOC-397293.html}
}

@misc{bertholdsichertgmbhProduktkatalogBasisgehauseErweiterungen2018,
  title = {Produktkatalog: {{Basisgeh{\"a}use}}, {{Erweiterungen}}, {{Nachr{\"u}stung}} Und {{Zubeh{\"o}r}}: {{Geh{\"a}use UNI}}, 82, 83},
  author = {{Berthold Sichert GmbH}},
  year = {2018},
  month = jun,
  urldate = {2020-10-12},
  file = {C:\Users\Kilian\Zotero\storage\DN3SYKF9\Produktkatalog_UNI_82_83_2018_2019_DE_c.pdf}
}

@misc{bertholdsichertgmbhSiCabMultifunktionsgehause2018,
  title = {{{SiCab Multifunktionsgeh{\"a}use}}},
  author = {{Berthold Sichert GmbH}},
  year = {2018},
  month = jun,
  urldate = {2020-10-12},
  abstract = {Produktkatalog Basisgeh{\"a}use Erweiterungen, Nachr{\"u}stung und Zubeh{\"o}r},
  file = {C:\Users\Kilian\Zotero\storage\KULEV5D8\Produktkatalog_SiCab_2018_2019_DE_c.pdf}
}

@misc{bertholdsichertgmbhSichertTelekommunikationstechnik2019,
  title = {Sichert - {{Telekommunikationstechnik}}},
  author = {{Berthold Sichert GmbH}},
  year = {2019},
  month = may,
  urldate = {2020-10-12},
  abstract = {Der Anschluss an das HochgeschwindigkeitsDatennetz ist f{\"u}r Unternehmen und Gemeinden zu einem bedeutenden Wettbewerbs- und Standortfaktor geworden. Mit dem Zusammenwachsen von Internet, TV, Video und Telefonie in Verbindung mit interaktiven Inhalten steigt der Bedarf an leistungsf{\"a}higer Breitbandtechnologie. SICHERT entwickelt Produkte mit und f{\"u}r Netzbetreiber, Stadtwerke und Installateure und ist der Partner f{\"u}r Ihr Netz.},
  file = {C:\Users\Kilian\Zotero\storage\R9FZUJQX\Telekommunikationstechnik_SICHERT.pdf}
}

@misc{BreitenUndLangengrad2020,
  title = {Breiten- Und {{L{\"a}ngengrad}} Ermitteln Oder Eingeben - {{Android-Ger{\"a}t}} - {{Google Maps-Hilfe}}},
  year = {2020},
  urldate = {2020-11-19},
  howpublished = {https://support.google.com/maps/answer/18539?co=GENIE.Platform\%3DAndroid\&hl=de},
  file = {C:\Users\Kilian\Zotero\storage\FZRD9SNW\18539.html}
}

@misc{bundesamtfuersicherheitinderinformationstechnikSicherheitWebanwendungenMassnahmenkatalog2006,
  title = {{Sicherheit von Webanwendungen - Ma{\ss}nahmenkatalog}},
  author = {{Bundesamt f{\"u}r Sicherheit in der Informationstechnik}},
  year = {2006},
  month = aug,
  abstract = {Der vorliegende Ma{\ss}nahmenkatalog stellt Schutzma{\ss}nahmen und Best Practices zur Vorbeugung gegen typische Schwachstellen in Webanwendungen bereit. Ein voran\- gestellter Leitfaden gibt Hinweise f{\"u}r ein systematisches Vorgehen zur Erstellung si\- cherer Webanwendungen. Dabei werden sowohl bereits bestehende, als auch neu zu entwickelnde Webanwendungen betrachtet.},
  howpublished = {https://www.bsi.bund.de/SharedDocs/Downloads/DE/BSI/Publikationen/Studien/WebSec/WebSec.pdf?\_\_blob=publicationFile\&v=2},
  langid = {ngerman},
  file = {C:\Users\Kilian\Zotero\storage\FJSBN26L\Sicherheit von Webanwendungen - Maßnahmenkatalog.pdf}
}

@article{bundesanzeigerverlaggmbhGesetzZurAnderung2007,
  title = {Gesetz Zur {{{\"A}nderung}} Telekommunikationsrechtlicher {{Vorschriften}}},
  author = {{Bundesanzeiger Verlag GmbH}},
  year = {2007},
  month = feb,
  journal = {Bundesgesetzblatt Teil I},
  number = {5},
  pages = {106},
  urldate = {2020-09-14},
  file = {C:\Users\Kilian\Zotero\storage\DHLMXW9W\Bundesanzeiger Verlag GmbH - 2007 - Gesetz zur Änderung telekommunikationsrechtlicher .pdf}
}

@misc{bundesministeriumderjustizundfurverbraucherschutz68TKGEinzelnorm2020,
  title = {{\S} 68 {{TKG}} - {{Einzelnorm}}},
  author = {{Bundesministerium der Justiz und f{\"u}r Verbraucherschutz}},
  year = {2020},
  month = sep,
  urldate = {2020-11-18},
  abstract = {Telekommunikationsgesetz (TKG) {\S} 68 Grundsatz der Benutzung {\"o}ffentlicher Wege},
  howpublished = {https://www.gesetze-im-internet.de/tkg\_2004/\_\_68.html},
  file = {C:\Users\Kilian\Zotero\storage\68ARQKMI\__68.html}
}

@misc{bundesministeriumderjustizundfurverbraucherschutzTelekommunikationsgesetzTKG2004,
  title = {Telekommunikationsgesetz ({{TKG}})},
  author = {{Bundesministerium der Justiz und f{\"u}r Verbraucherschutz}},
  year = {2004},
  month = jun,
  urldate = {2020-09-14},
  howpublished = {http://www.gesetze-im-internet.de/tkg\_2004/index.html},
  file = {C\:\\Users\\Kilian\\Zotero\\storage\\PIYJXHZF\\TKG.pdf;C\:\\Users\\Kilian\\Zotero\\storage\\D9DC4AGS\\index.html}
}

@misc{bundesministeriumfuerverkehrunddigitaleinfrastrukturATBBeStra2008,
  title = {{ATB-BeStra}},
  author = {{Bundesministerium f{\"u}r Verkehr und digitale Infrastruktur}},
  year = {2008},
  urldate = {2020-10-25},
  abstract = {Allgemeine Technische Bestimmungen f{\"u}r die Benutzung von Stra{\ss}en durch Leitungen und Telekommunikationslinien},
  howpublished = {https://www.fgsv-verlag.de/atb-bestra},
  langid = {ngerman}
}

@misc{bundesministeriumfuerverkehrunddigitaleinfrastrukturUebersichtVerschiedenerVerlegemethoden2020,
  title = {{{\"U}bersicht verschiedener Verlegemethoden}},
  author = {{Bundesministerium f{\"u}r Verkehr und digitale Infrastruktur}},
  year = {2020},
  month = aug,
  journal = {Gigabitb{\"u}ro des Bundes},
  urldate = {2020-11-18},
  abstract = {Zeit, Kosten und Platzbedarfe sind wichtige Faktoren, wenn es um die Erweiterung der kommunalen Breitbandabdeckung geht. Der fl{\"a}chendeckende Ausbau von digitalen Infrastrukturleitungen schafft die Grundlage f{\"u}r eine zukunftssichere und stabile Versorgung mit Gigabitgeschwindigkeiten -- im Festnetzbereich, aber auch f{\"u}r k{\"u}nftige Mobilfunktechnologien wie 5G.},
  langid = {ngerman},
  file = {C:\Users\Kilian\Zotero\storage\8K5UQPJ4\verlegemethoden.html}
}

@misc{bundesministeriumfuerwirtschaftundenergieDigitaleAgenda201420172020,
  title = {{Digitale Agenda 2014 - 2017}},
  author = {{Bundesministerium f{\"u}r Wirtschaft und Energie} and {Bundesministerium des Innern} and {Bundesministerium f{\"u}r Verkehr und digitale Infrastruktur}},
  year = {2020},
  month = aug,
  journal = {Digitale Agenda 2014 - 2017},
  urldate = {2020-08-24},
  abstract = {Unsere Welt ist zunehmend digital vernetzt. Das ver{\"a}ndert unseren Alltag und das Zusammenleben: wie und wo wir arbeiten oder wie wir uns gesellschaftlich einbringen k{\"o}nnen. In diesen Ver{\"a}nderungen liegen gro{\ss}e Chancen f{\"u}r den Wohlstand, die Lebensqualit{\"a}t und die Zukunftsf{\"a}higkeit in Deutschland. Die Bundesregierung f{\"o}rdert und gestaltet den digitalen Wandel aktiv. Wie, das steht in der Digitalen Agenda, f{\"u}r die das Bundesministerium f{\"u}r Wirtschaft und Energie, das Bundesministerium des Innern und das Bundesministerium f{\"u}r Verkehr und digitale Infrastruktur gemeinsam federf{\"u}hrend sind. Die vom Bundeskabinett am 20. August 2014 beschlossene Digitale Agenda ist ein wichtiger Baustein der Wirtschafts- und Innovationspolitik. Sie gibt die Leitlinien der Digitalpolitik der Bundesregierung vor und b{\"u}ndelt Ma{\ss}nahmen auf zentralen Handlungsfeldern.},
  howpublished = {https://www.bundesregierung.de/breg-de/service/publikationen/digitale-agenda-2014-2017-727138},
  langid = {ngerman},
  file = {C\:\\Users\\Kilian\\Zotero\\storage\\LQMHGF2H\\Bundesministerium für Wirtschaft und Energie et al. - 2020 - Digitale Agenda 2014 - 2017.pdf;C\:\\Users\\Kilian\\Zotero\\storage\\J3KUVUNV\\digitale-agenda-2014-2017-727138.html}
}

@misc{bundesministeriumfuerwirtschaftundenergieDigitaleAgenda2020,
  title = {{Digitale Agenda}},
  author = {{Bundesministerium f{\"u}r Wirtschaft und Energie}},
  year = {2020},
  month = aug,
  urldate = {2020-08-24},
  abstract = {Die Digitale Agenda der Bundesregierung gibt die Leitlinien der Digitalpolitik vor und b{\"u}ndelt Ma{\ss}nahmen auf zentralen Handlungsfeldern, um den digitalen Wandel zu begleiten und mitzugestalten. F{\"u}r ihre Umsetzung sind das Bundesministerium f{\"u}r Wirtschaft und Energie, das Bundesministerium des Innern und das Bundesministerium f{\"u}r Verkehr und digitale Infrastruktur gemeinsam federf{\"u}hrend.},
  howpublished = {https://www.bmwi.de/Redaktion/DE/Artikel/Digitale-Welt/digitale-agenda.html},
  langid = {ngerman},
  file = {C:\Users\Kilian\Zotero\storage\6NPW9XLY\digitale-agenda.html}
}

@techreport{bundesministeriumfurverkehrunddigitaleinfrastrukturBMVIAktuelleBreitbandverfugbarkeit2018,
  title = {{{BMVI}} - {{Aktuelle Breitbandverf{\"u}gbarkeit}} in {{Deutschland}} ({{Stand Mitte}} 2018)},
  author = {{Bundesministerium f{\"u}r Verkehr und digitale Infrastruktur} and {T{\"U}V Rheinland}},
  year = {2018},
  month = may,
  urldate = {2020-08-24},
  abstract = {Dieser Kurzbericht stellt erste Ergebnisse der Datenerhebungen f{\"u}r die Breitbandverf{\"u}gbarkeit in Deutschland zum Stand Mitte 2018 vor. Die Ergebnisse basieren auf den Datenlieferungen von ca. 350 Breitbandanbietern. Der ausf{\"u}hrliche Bericht zum Breitbandatlas Stand Mitte 2018 wird in K{\"u}rze auf den Webseiten des BMVI ver{\"o}ffentlicht. Die Angaben zu den Bandbreiten f{\"u}r Privathaushalte beziehen sich immer auf die Mindestbandbreite im Download. Bei der gewerblichen Breitbandverf{\"u}gbarkeit handelt es sich um die symmetrische Bandbreite bzw. maximale Uploadbandbreite von Breitbandanschl{\"u}ssen.},
  file = {C\:\\Users\\Kilian\\Zotero\\storage\\2QNHTDFX\\breitband-verfuegbarkeit-mitte-2018.pdf;C\:\\Users\\Kilian\\Zotero\\storage\\RJNUJ4CC\\breitband-verfuegbarkeit-mitte-2018.html}
}

@misc{bundesministeriumfurverkehrunddigitaleinfrastrukturBMVIBreitbandatlas2020,
  title = {{{BMVI}} - {{Breitbandatlas}}},
  author = {{Bundesministerium f{\"u}r Verkehr und digitale Infrastruktur}},
  year = {2020},
  month = aug,
  journal = {Der Breitbandatlas},
  urldate = {2020-08-24},
  howpublished = {https://www.bmvi.de/DE/Themen/Digitales/Breitbandausbau/Breitbandatlas-Karte/start.html},
  file = {C:\Users\Kilian\Zotero\storage\J6CQGKPL\start.html}
}

@techreport{bundesministeriumfurverkehrunddigitaleinfrastrukturBMVIKurzberichtBreitbandatlas2020,
  title = {{{BMVI}} - {{Kurzbericht}} Zum {{Breitbandatlas Ende}} 2019 Im {{Auftrag}} Des {{Bundesministeriums}} F{\"u}r {{Verkehr}} Und Digitale {{Infrastruktur}} ({{BMVI}})},
  author = {{Bundesministerium f{\"u}r Verkehr und digitale Infrastruktur}},
  year = {2020},
  month = jun,
  urldate = {2020-08-24},
  abstract = {Dieser Kurzbericht stellt erste Ergebnisse der Datenerhebungen f{\"u}r die Breitbandverf{\"u}gbarkeit in Deutschland zum Stand Ende 2019 vor. Die Ergebnisse basieren auf freiwilligen Datenlieferungen von Breitbandanbietern. Die Angaben zu den Bandbreiten beziehen sich immer auf die Mindestbandbreite im Download.},
  file = {C\:\\Users\\Kilian\\Zotero\\storage\\PGWXN9XJ\\breitband-verfuegbarkeit-ende-2019.pdf;C\:\\Users\\Kilian\\Zotero\\storage\\JT9DBSWV\\breitband-verfuegbarkeit-ende-2019.html}
}

@techreport{bundesministeriumfurverkehrunddigitaleinfrastrukturBMVIVerlegetechnikenFur2020,
  title = {{{BMVI}} - {{Verlegetechniken}} F{\"u}r Den {{Breitbandausbau}}},
  author = {{Bundesministerium f{\"u}r Verkehr und digitale Infrastruktur}},
  year = {2020},
  month = aug,
  urldate = {2020-08-24},
  abstract = {Es ist Ziel dieser Brosch{\"u}re, den Entscheidern vor Ort eine allgemeine Darstellung der Vor- und Nachteile der jeweiligen Verlegetechniken an die Hand zu geben, um die Vorteile einer alternativen Verlegung in allen hierf{\"u}r geeigneten F{\"a}llen zum Zuge kommen zu lassen und damit den Breitbandausbau zu beschleunigen.},
  file = {C\:\\Users\\Kilian\\Zotero\\storage\\NDYGQX9U\\verlegetechnik-breitbandausbau.pdf;C\:\\Users\\Kilian\\Zotero\\storage\\S6SFXU8Y\\verlegetechnik-breitbandausbau.html}
}

@misc{bundesministeriumfurverkehrunddigitaleinfrastrukturMerkblattZurDokumentation2018,
  title = {Merkblatt Zur {{Dokumentation}} Der Technischen {{Anlagen}} Und Des {{Baus}} Im {{Rahmen}} Der {{Richtlinie}} ,,{{F{\"o}rderung}} Zur {{Unterst{\"u}tzung}} Des {{Breitbandausbaus}} in Der {{Bundesrepublik Deutschland}}``},
  author = {{Bundesministerium f{\"u}r Verkehr und digitale Infrastruktur} and {atene KOM GmbH}},
  year = {2018},
  month = aug,
  file = {C:\Users\Kilian\Zotero\storage\AR72XJ33\Merkblatt-zur-Dokumentation_August-2018.pdf}
}

@misc{bundesministeriumfurverkehrunddigitaleinfrastrukturRahmenregelungBundesrepublikDeutschland2015,
  title = {Rahmenregelung Der {{Bundesrepublik Deutschland}} Zur {{Unterst{\"u}tzung}} Des {{Aufbaus}} Einer Fl{\"a}chendeckenden {{Next Generation Access}} ({{NGA}})-{{Breitbandversorgung}}},
  author = {{Bundesministerium f{\"u}r Verkehr und digitale Infrastruktur}},
  year = {2015},
  month = jun,
  file = {C:\Users\Kilian\Zotero\storage\E975ZPVH\breitbandfoerderung-nga-rahmenregelung.pdf}
}

@misc{bundesministeriumfurwirtschaftundenergieTKGNovelle2020Telekommunikationsmodernisierungsgesetz2020,
  title = {{{TKG-Novelle}} 2020 -- ,,{{Telekommunikationsmodernisierungsgesetz}}``},
  author = {{Bundesministerium f{\"u}r Wirtschaft und Energie} and {Bundesministerium f{\"u}r Verkehr und digitale Infrastruktur}},
  year = {2020},
  month = aug,
  urldate = {2020-10-27},
  file = {C:\Users\Kilian\Zotero\storage\NSSAAMUR\Link_-_Presseinfo_BMWi_und_BMVI_zur_TKG-Novellevvom_07.08.2020.pdf}
}

@misc{bundesministeriumsfurverkehrunddigitaleinfrastrukturRichtlinienFurBenutzung2020,
  title = {Richtlinien F{\"u}r Die {{Benutzung}} Der {{Bundesfernstra{\ss}en}} in Der {{Baulast}} Des {{Bundes}} ({{Nutzungsrichtlinien}})},
  author = {{Bundesministeriums f{\"u}r Verkehr und digitale Infrastruktur}},
  year = {2020},
  month = mar,
  file = {C:\Users\Kilian\Zotero\storage\6L8Q755Q\nutzungsrichtlinien-03-2020.pdf}
}

@misc{bundesnetzagenturfurelektrizitatgastelekommunikationpostundeisenbahnenBundesnetzagenturBereicheKennzahlen2020,
  title = {Bundesnetzagentur - {{Bereiche}}, {{Kennzahlen}} Und {{Bereichsgrenzen}}},
  author = {{Bundesnetzagentur f{\"u}r Elektrizit{\"a}t, Gas, Telekommunikation, Post und Eisenbahnen}},
  year = {2020},
  urldate = {2020-10-23},
  howpublished = {https://www.bundesnetzagentur.de/DE/Sachgebiete/Telekommunikation/Unternehmen\_Institutionen/Nummerierung/Rufnummern/ONRufnr/ON\_Einteilung\_ONB/ON\_ONB\_ONKz\_ONBGrenzen\_node.html},
  file = {C:\Users\Kilian\Zotero\storage\8PGRF6B7\ON_ONB_ONKz_ONBGrenzen_node.html}
}

@misc{bundesnetzagenturfurelektrizitatgastelekommunikationpostundeisenbahnenBundesnetzagenturVersorgungMit,
  title = {Bundesnetzagentur - {{Versorgung}} Mit {{Telekommunikation}}},
  author = {{Bundesnetzagentur f{\"u}r Elektrizit{\"a}t, Gas, Telekommunikation, Post und Eisenbahnen}},
  journal = {Bundesnetzagentur - Versorgung mit Telekommunikation},
  urldate = {2020-09-15},
  howpublished = {https://www.bundesnetzagentur.de/DE/Sachgebiete/Telekommunikation/Verbraucher/WeitereThemen/VersorgungMitTelekommunikation/VersorgungMitTelekommunikation-node.html},
  file = {C:\Users\Kilian\Zotero\storage\WV2EPLNT\VersorgungMitTelekommunikation-node.html}
}

@misc{bundesnetzagenturfurelektrizitatgastelekommunikationpostundeisenbahnenBundesnetzagenturWegerecht2020,
  title = {Bundesnetzagentur - {{Wegerecht}}},
  author = {{Bundesnetzagentur f{\"u}r Elektrizit{\"a}t, Gas, Telekommunikation, Post und Eisenbahnen}},
  year = {2020},
  month = sep,
  urldate = {2020-09-14},
  howpublished = {https://www.bundesnetzagentur.de/DE/Sachgebiete/Telekommunikation/Unternehmen\_Institutionen/Breitband/Ausbau/Wegerecht/wegerecht-node.html},
  file = {C:\Users\Kilian\Zotero\storage\4UNBYY4B\wegerecht-node.html}
}

@misc{bundesnetzagenturfurelektrizitatgastelekommunikationpostundeisenbahnenInfrastrukturatlasBreitbandMonitorBundesnetzagentur2020,
  title = {Infrastrukturatlas {\textbar} {{Breitband-Monitor}} Der {{Bundesnetzagentur}}},
  author = {{Bundesnetzagentur f{\"u}r Elektrizit{\"a}t, Gas, Telekommunikation, Post und Eisenbahnen}},
  year = {2020},
  urldate = {2020-09-14},
  howpublished = {https://www.breitband-monitor.de/infrastrukturatlas},
  file = {C:\Users\Kilian\Zotero\storage\A5LRC2DC\infrastrukturatlas.html}
}

@misc{bundesnetzagenturfurelektrizitatgastelekommunikationpostundeisenbahnenInfrastrukturatlasDatenlieferantenNach2020,
  title = {Infrastrukturatlas - {{Datenlieferanten}} Nach {{Landkreisen}}},
  author = {{Bundesnetzagentur f{\"u}r Elektrizit{\"a}t, Gas, Telekommunikation, Post und Eisenbahnen}},
  year = {2020},
  urldate = {2020-09-14},
  howpublished = {https://www.breitband-monitor.de/infrastrukturatlas/uebersichtskarte-datenlieferanten},
  file = {C:\Users\Kilian\Zotero\storage\LKE2IHZJ\uebersichtskarte-datenlieferanten.html}
}

@misc{bundesverbandinformationswirtschafttelekommunikationundneuemediene.vAppsMobileServices,
  title = {Apps \& {{Mobile Services}} - {{Tipps}} F{\"u}r {{Unternehmen}}},
  author = {{Bundesverband Informationswirtschaft, Telekommunikation und neue Medien e. V}}
}

@misc{bundesverbandinformationswirtschafttelekommunikationundneuemediene.vBVDWErklaertNeue2018,
  title = {{BVDW erkl{\"a}rt neue Web-Technologien, die mobile Websites und Apps optimieren}},
  author = {{Bundesverband Informationswirtschaft, Telekommunikation und neue Medien e. V} and {Daniel Borchers}},
  year = {2018},
  month = apr,
  urldate = {2020-12-01},
  abstract = {Berlin, 28. M{\"a}rz 2018 -- Wie k{\"o}nnen Ladezeiten und User Experience von mobilen Websites und Apps optimiert werden? Welche technologischen L{\"o}sungen gibt es und...},
  howpublished = {https://www.bvdw.org/der-bvdw/news/detail/artikel/bvdw-erklaert-neue-web-technologien-die-mobile-websites-und-apps-optimieren/},
  langid = {ngerman},
  file = {C:\Users\Kilian\Zotero\storage\MFR6MMNG\bvdw-erklaert-neue-web-technologien-die-mobile-websites-und-apps-optimieren.html}
}

@misc{burkhardtrenzVorgehenImSoftwareentwicklungsprozess2012,
  title = {Vorgehen Im {{Softwareentwicklungsprozess}}},
  author = {{Burkhardt Renz}},
  year = {2012},
  month = apr,
  urldate = {2020-10-15},
  file = {C:\Users\Kilian\Zotero\storage\9D7HV5PB\swt-prozess-l.pdf}
}

@inproceedings{caleGigabitPassiveOptical2007,
  title = {Gigabit {{Passive Optical Network}} - {{GPON}}},
  booktitle = {2007 29th {{International Conference}} on {{Information Technology Interfaces}}},
  author = {Cale, I. and Salihovic, A. and Ivekovic, M.},
  year = {2007},
  month = jun,
  pages = {679--684},
  issn = {1330-1012},
  doi = {10.1109/ITI.2007.4283853},
  abstract = {New services like television (IPTV) and video on demand (VoD) over Internet together with high speed Internet access (HSI) have demand for very high bandwidth to customers. XDSL have some form which can satisfy bandwidth demand (VDSL2) hut have restriction regarding distance. Probably only suitable solution for high bandwidth demand with a long reach is using optical cable to customers (FTTx). One of the wavs is using some tvpe of passive optical network (PON). Gigabit PON (GPON) is the most often type used by European and US providers (in addition with APON and BPON) while providers in Asia predominantly use EPON/GePON This paper provides an overview of gigabit PON and analyses network architecture, transmission mechanisms and power budget in GPON systems.},
  keywords = {Bandwidth,Bit rate,Channel allocation,EPON,Ethernet networks,FTT,gigabit passive optical network,GPON,high speed Internet access,High speed optical techniques,HSI,Internet,IPTV,optical cable,optical cables,optical fibre networks,Optical network units,Passive optical networks,PON,VDSL2,video on demand,VoD,Web and internet services,XDSL},
  file = {C\:\\Users\\Kilian\\Zotero\\storage\\XMNHZ5NJ\\Cale et al. - 2007 - Gigabit Passive Optical Network - GPON.pdf;C\:\\Users\\Kilian\\Zotero\\storage\\KLMUY9AQ\\4283853.html}
}

@inproceedings{caleGigabitPassiveOptical2007a,
  title = {Gigabit {{Passive Optical Network}} - {{GPON}}},
  booktitle = {2007 29th {{International Conference}} on {{Information Technology Interfaces}}},
  author = {Cale, I. and Salihovic, A. and Ivekovic, M.},
  year = {2007},
  month = jun,
  pages = {679--684},
  issn = {1330-1012},
  doi = {10.1109/ITI.2007.4283853},
  abstract = {New services like television (IPTV) and video on demand (VoD) over Internet together with high speed Internet access (HSI) have demand for very high bandwidth to customers. XDSL have some form which can satisfy bandwidth demand (VDSL2) hut have restriction regarding distance. Probably only suitable solution for high bandwidth demand with a long reach is using optical cable to customers (FTTx). One of the wavs is using some tvpe of passive optical network (PON). Gigabit PON (GPON) is the most often type used by European and US providers (in addition with APON and BPON) while providers in Asia predominantly use EPON/GePON This paper provides an overview of gigabit PON and analyses network architecture, transmission mechanisms and power budget in GPON systems.},
  keywords = {Bandwidth,Bit rate,Channel allocation,EPON,Ethernet networks,FTT,gigabit passive optical network,GPON,high speed Internet access,High speed optical techniques,HSI,Internet,IPTV,optical cable,optical cables,optical fibre networks,Optical network units,Passive optical networks,PON,VDSL2,video on demand,VoD,Web and internet services,XDSL},
  file = {C:\Users\Kilian\Zotero\storage\I3IJP857\4283853.html}
}

@misc{chekalinWhatDoesProgressive2020,
  title = {What {{Does Progressive Web Apps}} ({{PWA}}) {{Development Mean}}? [{{Definition}}]},
  shorttitle = {What {{Does Progressive Web Apps}} ({{PWA}}) {{Development Mean}}?},
  author = {Chekalin, Dmitry},
  year = {2020},
  month = feb,
  journal = {Medium},
  urldate = {2020-12-03},
  abstract = {A PWA combines both web and native applications' features and allows you to receive push notifications, work in offline mode, etc.},
  howpublished = {https://codeburst.io/what-does-progressive-web-apps-pwa-development-mean-definition-13d8a899cbeb},
  langid = {english},
  file = {C:\Users\Kilian\Zotero\storage\8ZD93RP8\what-does-progressive-web-apps-pwa-development-mean-definition-13d8a899cbeb.html}
}

@misc{christophriewertsSoftwareLebenszyklus2008,
  title = {Software-{{Lebenszyklus}}},
  author = {{Christoph Riewerts}},
  year = {2008},
  month = mar,
  urldate = {2020-10-25},
  file = {C:\Users\Kilian\Zotero\storage\64AQ6JPX\LifeCycleVorlesung.pdf}
}

@misc{CollaborationWorkplaceService,
  title = {Collaboration {{Workplace Service Portfolio}} {\textbar} {{You And Me}}},
  urldate = {2020-09-28},
  howpublished = {https://yam.telekom.de/docs/DOC-508227},
  file = {C:\Users\Kilian\Zotero\storage\DC5GRQLV\DOC-508227.html}
}

@misc{competitionlineverlagsgmbhBaubegleitungPTI132018,
  title = {Baubegleitung {{PTI}} 13 {{NL West}}},
  author = {{competitionline Verlags GmbH} and {Deutsche Telekom Services Europe GmbH}},
  year = {2018},
  month = may,
  urldate = {2020-11-05},
  abstract = {Diese Leistungsbeschreibung umfasst die Leistungserbringung zu Bauma{\ss}nahmen im Bereich der T NL West, PTI 13 mit allen Ortsnetzen (ON). Ausf{\"u}hrungs ...},
  howpublished = {https://www.competitionline.com/de/ausschreibungen/301998},
  file = {C:\Users\Kilian\Zotero\storage\K6P8C585\301998.html}
}

@misc{deutschebahnagChecklisteZurVerlegung2020,
  title = {Checkliste Zur {{Verlegung}} von {{Leitungen}} Auf {{Gel{\"a}nde}} Der {{Deutschen Bahn}} {\textbar} {{Deutsche Bahn AG}}},
  author = {{Deutsche Bahn AG}},
  year = {2020},
  month = nov,
  urldate = {2020-11-17},
  abstract = {Checkliste zur Verlegung von Leitungen auf Gel{\"a}nde der Deutschen Bahn},
  howpublished = {https://www.deutschebahn.com/de/geschaefte/immobilien/Verlegung\_von\_Leitungen-1197952},
  file = {C:\Users\Kilian\Zotero\storage\B93TE9BQ\Verlegung_von_Leitungen-1197952.html}
}

@misc{deutscherbundestag-wissenschaftlichediensteZustandigkeitenFurBundesstrassen2018,
  title = {Zust{\"a}ndigkeiten F{\"u}r {{Bundesstra{\ss}en Konzeption}}, {{Planung}}, {{Bau}} Und {{{\"A}nderung}}},
  author = {{Deutscher Bundestag - Wissenschaftliche Dienste}},
  year = {2018},
  month = jun,
  file = {C:\Users\Kilian\Zotero\storage\QV7IWF9L\WD-5-077-18-pdf-data.pdf}
}

@misc{deutschetelekomagDeutscheTelekomGestaltet2020,
  title = {{Deutsche Telekom gestaltet den Wandel und bekennt sich zur gesellschaftlichen Verantwortung}},
  author = {{Deutsche Telekom AG} and {Andreas Fuchs}},
  year = {2020},
  month = jun,
  urldate = {2020-08-25},
  abstract = {Vorstandschef H{\"o}ttges nennt auf der virtuellen Hauptversammlung gro{\ss}e Ziele f{\"u}r die Zukunft.},
  howpublished = {https://www.telekom.com/de/medien/medieninformationen/detail/deutsche-telekom-gestaltet-den-wandel-601550},
  langid = {ngerman},
  file = {C:\Users\Kilian\Zotero\storage\V222ERUZ\deutsche-telekom-gestaltet-den-wandel-601550.html}
}

@misc{deutschetelekomagFiberArchitekturGlasfaseranschluessen2020,
  title = {{Fiber to the X - Die Architektur von Glasfaseranschl{\"u}ssen}},
  author = {{Deutsche Telekom AG}},
  year = {2020},
  month = sep,
  journal = {Fiber to the X - Die Architektur von Glasfaseranschl{\"u}ssen},
  urldate = {2020-09-22},
  abstract = {F{\"u}r die digitalen Anspr{\"u}che der Zukunft ist schnelles und zuverl{\"a}ssiges Highspeed-Internet eine wichtige Voraussetzung.},
  howpublished = {https://www.telekom.com/de/konzern/details/ftth-fttb-fttc-glasfaseranschluss-in-glasfasernetzen-607592},
  langid = {ngerman},
  file = {C:\Users\Kilian\Zotero\storage\PQREU8SA\ftth-fttb-fttc-glasfaseranschluss-in-glasfasernetzen-607592.html}
}

@misc{deutschetelekomagKonzernprofilDeutscheTelekom2020,
  title = {{Konzernprofil - Deutsche Telekom AG}},
  author = {{Deutsche Telekom AG}},
  year = {2020},
  month = sep,
  journal = {F{\"u}hrender Europ{\"a}ischer Telekommunikations-Anbieter},
  urldate = {2020-09-24},
  abstract = {Die Deutsche Telekom ist eines der f{\"u}hrenden Telekommunikations-Unternehmen.},
  howpublished = {https://www.telekom.com/de/konzern/konzernprofil},
  langid = {ngerman},
  file = {C\:\\Users\\Kilian\\Zotero\\storage\\83XEM83S\\dl-unternehmenspraesentation.pdf;C\:\\Users\\Kilian\\Zotero\\storage\\G29TQ47Q\\konzernprofil.html}
}

@misc{deutschetelekomagNetzausbau2018,
  title = {{Netzausbau}},
  author = {{Deutsche Telekom AG}},
  year = {2018},
  month = mar,
  journal = {Corporate Responsibility Bericht 2019 - Deutsche Telekom},
  urldate = {2020-10-01},
  abstract = {,,Verantwortung leben. Nachhaltigkeit erm{\"o}glichen.``, so lautet der Titel unseres neuen CR-Berichts. Mit dieser {\"U}berschrift unterstreichen wir unsere Verpflichtung zu nachhaltigem Handeln entlang der gesamten Wertsch{\"o}pfungskette und weisen auf das Potenzial},
  howpublished = {https://www.cr-bericht.telekom.com/site20/steuerung-fakten/wirtschaft/netzausbau},
  langid = {ngerman},
  file = {C:\Users\Kilian\Zotero\storage\6Q22KENS\netzausbau.html}
}

@misc{deutschetelekomagTelekomIT2020,
  title = {{Telekom IT}},
  author = {{Deutsche Telekom AG}},
  year = {2020},
  urldate = {2020-11-02},
  abstract = {Dynamisch wie ein Start-up und sicher wie ein Gro{\ss}konzern: die Deutsche Telekom IT.},
  howpublished = {https://www.telekom.com/de/karriere/fokusthemen/telekom-it},
  langid = {ngerman},
  file = {C:\Users\Kilian\Zotero\storage\3ASV5WK2\telekom-it.html}
}

@misc{deutschetelekombusinesssolutionsgmbhBreitbandausbauSTANDORTVORTEILEFUR,
  title = {Breitbandausbau - {{STANDORTVORTEILE F{\"U}R IHRE KOMMUNE}}},
  author = {{Deutsche Telekom Business Solutions GmbH}},
  urldate = {2020-09-22},
  howpublished = {https://public.t-systems.de/breitbandausbau/breitbandausbau-509632},
  file = {C:\Users\Kilian\Zotero\storage\N57V5JLN\breitbandausbau-509632.html}
}

@misc{deutschetelekomEinkaufsbedingungenDeutschenTelekom2018,
  title = {Einkaufsbedingungen Der {{Deutschen Telekom Gruppe}} F{\"u}r {{Planungs}} - , {{Bau-}} Und {{Bau{\"u}berwachungsleistungen}} F{\"u}r Das {{Telekommunikationsnetz}} ({{EB Bau TKNetz}})},
  author = {{Deutsche Telekom}},
  year = {2018},
  month = oct,
  urldate = {2020-11-05},
  file = {C:\Users\Kilian\Zotero\storage\4NVICVPX\Deutsche Telekom - 2018 - Einkaufsbedingungen der Deutschen Telekom Gruppe f.pdf}
}

@misc{deutschetelekomitgmbhGruppeITWorkplaceYou2020,
  title = {Gruppe: {{IT-Workplace}} {\textbar} {{You And Me}}},
  author = {{Deutsche Telekom IT GmbH}},
  year = {2020},
  month = oct,
  urldate = {2020-10-12},
  abstract = {Herzlich willkommen in der IT-Workplace! Die IT-Workplace ist eine YAM Gruppe mit gemanagter Community, in der sich Mitarbeiter rund um den IT-Standardarbeitsplatz austauschen und helfen. Hier finden Sie auch News sowie Tipps \& Tricks (Best Practice) zum IT-Arbeitsplatz. Das Community Management aus dem Bereich Workplace Services hilft in den F{\"a}llen, wo die Mitarbeiter keine L{\"o}sung finden und kennzeichnet ggfs. auch richtige Antworten.},
  howpublished = {https://yam.telekom.de/groups/it-workplace},
  file = {C:\Users\Kilian\Zotero\storage\X6CHKLRB\it-workplace.html}
}

@misc{deutschetelekomitGruppeITWorkplaceYou2020,
  title = {Gruppe: {{IT-Workplace}} {\textbar} {{You And Me}}},
  author = {{Deutsche Telekom IT}},
  year = {2020},
  urldate = {2020-11-02},
  howpublished = {https://yam.telekom.de/groups/it-workplace},
  file = {C:\Users\Kilian\Zotero\storage\QWNLF3EV\it-workplace.html}
}

@misc{deutschetelekomserviceseuropegmbhBieteranfrage2018,
  title = {Bieteranfrage},
  author = {{Deutsche Telekom Services Europe GmbH}},
  year = {2018},
  month = apr,
  urldate = {2020-11-06},
  abstract = {Leistungsbeschreibung Allgemeines Die Leistungserbringung umfasst Bauma{\ss}nahmen im Bereich der T NL West, PTI 22 K{\"o}ln mit allen Ortsnetzen (ON)von Los 3. Die ON sind dem beiliegendem Gebietsplan bzw. ONKz-Plan zu entnehmen. Los 3: Kompaktentst{\"o}ren rrh K{\"o}ln, Niederkassel Ortsnetze: K{\"o}ln-rechtsrheinisch, K{\"o}ln-Porz, und Niederkassel. Teilsumme1: 210.000,- EUR Ausf{\"u}hrungszeitpunkt: 01.06.2018 - 30.05.2019},
  howpublished = {https://docplayer.org/74083949-.html},
  file = {C\:\\Users\\Kilian\\Zotero\\storage\\MAIKTQ9L\\==============================! == - PDF Kostenfr.pdf;C\:\\Users\\Kilian\\Zotero\\storage\\FHBACAHF\\74083949-.html}
}

@misc{deutschetelekomtechnikgmbhBereichsprasentationTechnikDeutschland2020,
  title = {Bereichspr{\"a}sentation {{Technik Deutschland}} {\textbar} {{You And Me}}},
  author = {{Deutsche Telekom Technik GmbH} and {Benedikt Albers} and {Nils Meier}},
  year = {2020},
  month = jun,
  urldate = {2020-09-15},
  abstract = {Hier finden Sie die aktuelle Bereichspr{\"a}sentation f{\"u}r TECHNIK DEUTSCHLAND zur internen und externen Nutzung.   Wenn Sie den Bereich Technik Deutschland oder unsere Netze darstellen m{\"o}chten, k{\"o}nnen Sie hierzu die offizielle Bereichspr{\"a}sentation oder Teile davon verwenden. In der rechten oberen Ecke der Folien finden Sie einen Hinweis darauf, ob die jeweilige Seite nur f{\"u}r die interne Nutzung (Klassifizierung "intern") oder auch f{\"u}r die externe Nutzung (Klassifizierung "offen") freigegeben ist. Weitere n{\"u}tzliche Links f{\"u}r Ihre Pr{\"a}sentation (Bilder, Infografiken, Chart-Master, ...) finden Sie hier: Pr{\"a}sentationen gestalten.},
  howpublished = {https://yam.telekom.de/docs/DOC-397293},
  file = {C\:\\Users\\Kilian\\Zotero\\storage\\XHT7EVB2\\20200616_Technik Deutschland Praesentation (1).pptx;C\:\\Users\\Kilian\\Zotero\\storage\\EQGTE3H2\\DOC-397293.html}
}

@misc{deutschetelekomtechnikgmbhFTTHFACTORYTCar2020,
  title = {{{FTTH FACTORY}}: {{T-Car {\"U}bergabe}} - {{Fraunhofer-Insti}}... {\textbar} {{You And Me}}},
  author = {{Deutsche Telekom Technik GmbH} and {Deniz Atan}},
  year = {2020},
  month = sep,
  urldate = {2020-11-23},
  howpublished = {https://yam.telekom.de/groups/ftth-factory/blog/2020/09/17/t-car-\%C3\%BCbergabe-fraunhofer-institut-freiburg},
  file = {C:\Users\Kilian\Zotero\storage\FWP3VDEP\t-car-übergabe-fraunhofer-institut-freiburg.html}
}

@misc{deutschetelekomtechnikgmbhGruppeWFMYou2020,
  title = {Gruppe: {{WFM T}} {\textbar} {{You And Me}}},
  author = {{Deutsche Telekom Technik GmbH}},
  year = {2020},
  month = oct,
  urldate = {2020-10-12},
  howpublished = {https://yam.telekom.de/groups/wfmt},
  file = {C:\Users\Kilian\Zotero\storage\6QM5LYHE\wfmt.html}
}

@misc{deutschetelekomtechnikgmbhLinienorgaTribesChapter2020,
  title = {Linienorga, {{Tribes}}, {{Chapter}} Und {{Squads}}: {{So}} Ist ... {\textbar} {{You And Me}}},
  author = {Deutsche Telekom Technik GmbH and {Indira Menke}},
  year = {2020},
  month = aug,
  urldate = {2020-09-15},
  abstract = {Wie ist die Technik aufgestellt? Wo haben wir noch eine klassische Linienorga? Wo gibt es die Flexible Organisation mit Tribes, Chaptern und Squads? Und wer verantwortet die jeweiligen Themen? Hier seht Ihr den Stand zum 01.07.2020. Das n{\"a}chste gro{\ss}e Update gibt's zum 01.10.2020.},
  howpublished = {https://yam.telekom.de/docs/DOC-640015},
  file = {C\:\\Users\\Kilian\\Zotero\\storage\\APKADQGY\\20200701_Aufstellung_Technik (1).pptx;C\:\\Users\\Kilian\\Zotero\\storage\\247BV9CS\\DOC-640015.html}
}

@misc{deutschetelekomtechnikgmbhMegaPlandeYouMe2013,
  title = {{{MegaPlan}}(de) {\textbar} {{You And Me}}},
  author = {{Deutsche Telekom Technik GmbH}},
  year = {2013},
  month = feb,
  urldate = {2020-11-05},
  howpublished = {https://yam.telekom.de/docs/DOC-34548},
  file = {C:\Users\Kilian\Zotero\storage\RCXJ2HAH\DOC-34548.html}
}

@misc{deutschetelekomtechnikgmbhPrasentationTechnikDeutschland2020,
  title = {Pr{\"a}sentation {{Technik Deutschland}} {\textbar} {{You And Me}}},
  author = {{Deutsche Telekom Technik GmbH} and {Benedikt Albers} and {Nils Meier}},
  year = {2020},
  month = oct,
  urldate = {2020-10-28},
  abstract = {Hier finden Sie die aktuelle TECHNIK DEUTSCHLAND Pr{\"a}sentation zur internen und externen Nutzung.},
  howpublished = {https://yam.telekom.de/docs/DOC-397293},
  file = {C\:\\Users\\Kilian\\Zotero\\storage\\6LCGU2CE\\20201001_Technik Deutschland Praesentation.pptx;C\:\\Users\\Kilian\\Zotero\\storage\\EQ5FHQT6\\DOC-397293.html}
}

@misc{deutschetelekomtechnikgmbhWFMYouMe2020,
  title = {{{WFM T}} {\textbar} {{You And Me}}},
  author = {Deutsche Telekom Technik GmbH},
  year = {2020},
  month = oct,
  urldate = {2020-10-12},
  howpublished = {https://yam.telekom.de/docs/DOC-525704},
  file = {C\:\\Users\\Kilian\\Zotero\\storage\\XIJXQ5ZL\\MarktstandWFMT_Berlin_A1.pdf;C\:\\Users\\Kilian\\Zotero\\storage\\B2NI7BWR\\DOC-525704.html}
}

@misc{deutschetelekomtechnikgmbhZusatzlicheTechnischeVertragsbedingungen2019,
  title = {Zus{\"a}tzliche {{Technische Vertragsbedingungen}} Der {{Deutschen Telekom AG}} F{\"u}r {{Bau-}}, {{Dienstleistungen}} Und {{Systemtechnik}}},
  author = {{Deutsche Telekom Technik GmbH}},
  year = {2019},
  month = jan,
  urldate = {2020-11-05},
  file = {C:\Users\Kilian\Zotero\storage\5K2P32FL\Deutsche Telekom Technik GmbH - 2019 - Zusätzliche Technische Vertragsbedingungen der Deu.pdf}
}

@misc{developer.mozillaIntroductionProgressiveWeb2020,
  title = {Introduction to Progressive Web Apps},
  author = {{developer.mozilla}},
  year = {2020},
  month = aug,
  journal = {MDN Web Docs},
  urldate = {2020-12-03},
  abstract = {This article provides an introduction to Progressive Web Apps (PWAs), discussing what they are and the advantages they offer over regular web apps.},
  howpublished = {https://developer.mozilla.org/en-US/docs/Web/Progressive\_web\_apps/Introduction},
  langid = {english},
  file = {C:\Users\Kilian\Zotero\storage\RTQVH9GJ\Introduction.html}
}

@misc{developer.mozillaProgressiveWebApps2020,
  title = {Progressive Web Apps ({{PWAs}})},
  author = {{developer.mozilla}},
  year = {2020},
  journal = {MDN Web Docs},
  urldate = {2020-12-02},
  abstract = {Progressive Web Apps are web apps that use emerging web browser APIs and features along with traditional progressive enhancement strategy to bring a native app-like user experience to cross-platform web applications. Progressive Web Apps are a useful design pattern, though they aren't a formalized standard. PWA can be thought of as similar to AJAX or other similar patterns that encompass a set of application attributes, including use of specific web technologies and techniques. This set of docs tells you all you need to know about them.},
  howpublished = {https://developer.mozilla.org/en-US/docs/Web/Progressive\_web\_apps},
  langid = {english},
  file = {C:\Users\Kilian\Zotero\storage\SSVMTBT2\Progressive_web_apps.html}
}

@misc{developer.mozillaWebtechnologienFuerEntwickler2020,
  title = {{Webtechnologien f{\"u}r Entwickler}},
  author = {{developer.mozilla}},
  year = {2020},
  journal = {MDN-Web-Dokumentation},
  urldate = {2020-12-02},
  abstract = {Das offene Web bietet unglaubliche M{\"o}glichkeiten f{\"u}r Entwickler, die Webseiten oder Onlineanwendungen erstellen m{\"o}chten. Um diese Technologien voll aussch{\"o}pfen zu k{\"o}nnen, m{\"u}ssen Sie wissen, wie man sie verwendet. Unten finden Sie Links zu unseren Dokumentationen zum Thema Webtechnologien.},
  howpublished = {https://developer.mozilla.org/de/docs/Web},
  langid = {ngerman},
  file = {C:\Users\Kilian\Zotero\storage\CCWYQPG7\Web.html}
}

@misc{DigitalBusinessTDBiz,
  title = {Digital {{Business}} ({{T-DBiz}}): {{Alles}} Im {{Blick}}: {{Die}} ... {\textbar} {{You And Me}}},
  urldate = {2020-08-19},
  howpublished = {https://yam.telekom.de/groups/t-dbiz/blog/2020/08/07/alles-im-blick-die-kampfmittel-datenbank},
  file = {C:\Users\Kilian\Zotero\storage\2NFRA3UT\alles-im-blick-die-kampfmittel-datenbank.html}
}

@misc{digrasoftugMeineGPSPosition2020,
  title = {{Meine GPS Position -- Apps bei Google Play}},
  author = {{digrasoft UG}},
  year = {2020},
  month = nov,
  urldate = {2020-11-30},
  abstract = {Meine GPS Position zeigt dir die beste verf{\"u}gbare Position basierend auf Geolokationsdaten von allen aktuell verf{\"u}gbaren Standortanbietern wie GPS oder WLAN. Die App ist ideal f{\"u}r alle Aktivit{\"a}ten, die GPS-Koordinaten in Echtzeit ben{\"o}tigen, wie z.B. Geocaching oder Segeln. Meine GPS Position ist in drei Tabs gegliedert: Der {\"U}BERSICHT Tab zeigt detaillierte Informationen von den Standortsensoren in Echtzeit: Breitengrad und L{\"a}ngengrad, H{\"o}he, Genauigkeit, Geschwindigkeit und Bewegungsrichtung. F{\"u}r die Darstellung der Koordinaten stehen verschiedene Formate, z.B. Dezimalgrad oder UTM (Universal Transverse Mercator), zur Verf{\"u}gung. L{\"a}ngenangaben k{\"o}nnen in Metern oder Fu{\ss} angezeigt werden. F{\"u}r Geschwindigkeiten werden die Einheiten m/s, ft/s, km/h, mph und kn (Knoten) unterst{\"u}tzt. In der Ansicht KARTE kannst du einfach entdecken, was sich in deiner Umgebung befindet und Orte sehen, die du gespeichert hast, z.B. den tollen Strand vom deinem letzten Urlaub oder einfach nur die Stelle wo dein Auto parkt. Durch langes Dr{\"u}cken auf der Karte kannst du neue Orte hinzuf{\"u}gen. Um einen bereits gespeicherten Ort zu verschieben, halte ihn lange gedr{\"u}ckt und ziehe ihn an die neue Position. Alle g{\"a}ngigen Kartentypen wie Stra{\ss}enkarte oder Satellit werden unterst{\"u}tzt. Im Tab ORTE kannst du deine Lieblingsorte speichern, bearbeiten und l{\"o}schen und sehen, wie weit sie von deinem aktuellen Standort entfernt sind. Das ist sehr n{\"u}tzlich wenn du auf Reisen bist und die aktuelle Entfernung nach Hause wissen m{\"o}chtest. Zur Berechnung der Entfernung wird das WGS84 Ellipsoid verwendet. Von {\"u}berall in der App kannst du deine aktuelle Position {\"u}ber deinen Lieblingsmessenger teilen. Deine Freunde erhalten deine GPS Koordinaten und einen Link zu Google Maps mit deiner Position. Im Notfall kannst du mit dieser App eine SMS mit deinem GPS-Standort schicken, selbst wenn keine Internetverbindung verf{\"u}gbar ist. Zus{\"a}tzlich kannst du deine GPS-Koordinaten in die Zwischenablage kopieren und sie in Karten-Apps, Chats oder E-Mails einf{\"u}gen.},
  howpublished = {https://play.google.com/store/apps/details?id=com.digrasoft.mygpslocation\&hl=de\&gl=US},
  langid = {ngerman},
  file = {C:\Users\Kilian\Zotero\storage\UQHSN2LX\details.html}
}

@misc{dipl.-ing.fhmichaelmaruschkeModerneTKNetze2019,
  title = {Moderne {{TK-Netze}}},
  author = {{Dipl.-Ing. (FH) Michael Maruschke}},
  year = {2019},
  month = feb,
  publisher = {Institut f{\"u}r Telekommunikationsinformatik der HfTL},
  file = {C:\Users\Kilian\Zotero\storage\VHA8PPVL\_.pdf}
}

@misc{dirkmullerHardwarelisteStandAugust2020,
  title = {Hardwareliste {{Stand August}} 2020 {\textbar} {{You And Me}}},
  author = {{Dirk M{\"u}ller}},
  year = {2020},
  month = aug,
  urldate = {2020-11-02},
  howpublished = {https://yam.telekom.de/docs/DOC-474933},
  file = {C:\Users\Kilian\Zotero\storage\EBI4AN7C\DOC-474933.html}
}

@misc{dr.mirkopaschkeAlternativeVerlegetechnikenFur2018,
  title = {Alternative {{Verlegetechniken}} F{\"u}r Den Schnellen {{Breitbandausbau}} -- Die {{Rolle}} von {{Microtrenching}} \& {{Co}}.},
  author = {{Dr. Mirko Paschke} and {Bundesministerium f{\"u}r Verkehr und digitale Infrastruktur}},
  year = {2018},
  month = nov,
  urldate = {2020-09-14},
  file = {C:\Users\Kilian\Zotero\storage\YWK5WHYD\praesentation-alternative-verlegetechniken-breitbandausbau-rolle-von-microtrenching.pdf}
}

@misc{dr.thomaspluckebaumVDSLVectoringTechnischesKonzept2013,
  title = {{{VDSL-Vectoring}}: {{Technisches Konzept}}, Marktliche Und Regulatorische {{Implikationen}} Im {{{\"U}berblick}}},
  author = {{Dr. Thomas Pl{\"u}ckebaum}},
  year = {2013},
  month = feb,
  urldate = {2020-10-27},
  file = {C:\Users\Kilian\Zotero\storage\EH6TFWCK\KM_2013_02_26_VDSL_Vectoring.pdf}
}

@misc{DSLZugangsnetzeGrundlagen,
  title = {{{DSL Zugangsnetze Grundlagen}}, {{Simulation}} Und {{Modellierung}} - {{PDF Free Download}}},
  urldate = {2020-10-27},
  abstract = {DSL Zugangsnetze Grundlagen, Simulation und Modellierung Institut f{\"u}r Kommunikationstechnik Dipl.-Ing. Kilian Henneb{\"o}hle Vorlesung KTE Stand 01/2012 Prof. Dr.-Ing. Ingo Kunold Prof. Dr.-Ing. Ulf Niemeyer},
  howpublished = {https://docplayer.org/10009550-Dsl-zugangsnetze-grundlagen-simulation-und-modellierung.html},
  file = {C:\Users\Kilian\Zotero\storage\Q5H2SQWE\10009550-Dsl-zugangsnetze-grundlagen-simulation-und-modellierung.html}
}

@book{erekGeschaeftsprozessmodellierung2013,
  title = {{Gesch{\"a}ftsprozessmodellierung}},
  author = {Erek, Koray and Opitz, Nicky and Pr{\"o}hl, Thorsten},
  year = {2013},
  month = apr,
  publisher = {Universit{\"a}tsverlag der TU Berlin},
  issn = {2196-3606},
  doi = {10.14279/depositonce-3559},
  urldate = {2020-11-29},
  abstract = {Gesch{\"a}ftsprozesse sind Prozesse einer Unternehmung, die direkt mit der marktorientierten Leistungserbringung im Zusammenhang stehen. Modelle dieser Gesch{\"a}ftsprozesse dienen der Kommunikation, Darstellung sowie Dokumentation und k{\"o}nnen somit Grundlage der Analyse und Optimierung sein. Unter Gesch{\"a}ftsprozessmodellierung soll daher innerhalb dieses Projektes der konstruktivistische Abstraktionsvorgang der Modellerstellung {\"u}ber einen realen oder gedachten Gesch{\"a}ftsprozess verstanden werden. Bei der Abstraktion und Modellierung wird auf eine Modellierungssprache zur{\"u}ckgegriffen. Innerhalb der Wissenschaft und Praxis haben sich verschiedene Modellierungssprachen zur Darstellung von Gesch{\"a}ftsprozessen etabliert. Zentrale Herausforderung innerhalb dieses Projektes ist es, eine Modellierungssprache und ein Software-Werkzeug auszuw{\"a}hlen, dass die Gesch{\"a}ftsprozessmodellierung unterst{\"u}tzt und es dahingehend valide anzupassen, dass Ressourcen und Kennzahlen aus dem Bereich Energieeffizienz geeignet abgebildet werden k{\"o}nnen. Derzeitig besteht ein Forschungsbedarf im Bereich der Energieeffizienzbeurteilung, da bisher nur unzureichende oder generalisierte Ressourcen-Konzepte in Sprachen, Modelle und Methoden der Prozessmodellierung vorliegen.},
  copyright = {http://rightsstatements.org/vocab/InC/1.0/},
  isbn = {978-3-7983-2522-7},
  langid = {ngerman},
  annotation = {Accepted: 2015-11-20T22:10:32Z},
  file = {C\:\\Users\\Kilian\\Zotero\\storage\\ZWEUD2LP\\Erek et al. - 2013 - Geschäftsprozessmodellierung.pdf;C\:\\Users\\Kilian\\Zotero\\storage\\93XJLSBR\\3856.html}
}

@misc{europaischekommissionStaatlicheBeihilfeSA383482015,
  title = {Staatliche {{Beihilfe SA}}.38348 (2014/{{N}}) - {{Deutschland}} - {{Aufbau}} Einer Fl{\"a}chendeckenden {{NGA-Breitbandversorgung}} in {{Deutschland}}},
  author = {{Europ{\"a}ische Kommission}},
  year = {2015},
  month = jun,
  file = {C:\Users\Kilian\Zotero\storage\FLLL9B4L\20150618_EU_KOM_Genehmigung_SA_38348_NGA-Rahmenregelung_DE_01.pdf}
}

@misc{f.tenzerBreitbandanschluesseDeutschlandNach2020,
  title = {{Breitbandanschl{\"u}sse in Deutschland nach Anschlussart bis 2019}},
  author = {{F. Tenzer} and {Statista GmbH}},
  year = {2020},
  month = may,
  journal = {Statista},
  urldate = {2020-08-24},
  abstract = {Die Statistik zeigt die Entwicklung der Breitbandanschl{\"u}sse nach Anschlussart in Deutschland bis zum Jahr 2019.},
  howpublished = {https://de.statista.com/statistik/daten/studie/3174/umfrage/entwicklung-der-breitbandanschluesse-nach-anschlussart-seit-2001/},
  langid = {ngerman},
  file = {C\:\\Users\\Kilian\\Zotero\\storage\\XMXR7ICC\\Breitbandanschlüsse in Deutschland nach Anschlussa.pdf;C\:\\Users\\Kilian\\Zotero\\storage\\ANKYCS2W\\entwicklung-der-breitbandanschluesse-nach-anschlussart-seit-2001.html}
}

@book{forschungsgesellschaftfuerstrassen-undverkehrswesenAllgemeineTechnischeBestimmungen2008,
  title = {{Allgemeine technische Bestimmungen f{\"u}r die Benutzung von Stra{\ss}en durch Leitungen und Telekommunikationslinien ATB-BeStra}},
  author = {{Forschungsgesellschaft f{\"u}r Stra{\ss}en- und Verkehrswesen} and {Arbeitsgruppe Erd- und Grundbau}},
  year = {2008},
  isbn = {978-3-939715-71-9},
  langid = {german},
  annotation = {OCLC: 269474428}
}

@book{forschungsgesellschaftfuerstrassen-undverkehrswesenRichtlinienFuerStandardisierung2012,
  title = {{Richtlinien f{\"u}r die Standardisierung des Oberbaus von Verkehrsfl{\"a}chen: RStO 12}},
  shorttitle = {{Richtlinien f{\"u}r die Standardisierung des Oberbaus von Verkehrsfl{\"a}chen}},
  editor = {{Forschungsgesellschaft f{\"u}r Stra{\ss}en- und Verkehrswesen}},
  year = {2012},
  series = {{FGSV}},
  edition = {Ausgabe 2012},
  volume = {499 : R1},
  publisher = {FGSV Verlag GmbH},
  address = {K{\"o}ln},
  isbn = {978-3-86446-021-0},
  langid = {german},
  annotation = {OCLC: 826628098},
  file = {C\:\\Users\\Kilian\\Zotero\\storage\\DAPWZ25Y\\Forschungsgesellschaft für Straßen- und Verkehrswesen - 2012 - Richtlinien für die Standardisierung des Oberbaus .pdf;C\:\\Users\\Kilian\\Zotero\\storage\\B25PFQC8\\0-1601491379.html}
}

@misc{fraunhofer-institutfuerphysikalischemesstechnikipmFraunhoferIPMLiefert2019,
  title = {{Fraunhofer IPM liefert ma{\ss}geschneidertes Messfahrzeug aus - Fraunhofer IPM}},
  author = {{Fraunhofer-Institut f{\"u}r Physikalische Messtechnik IPM}},
  year = {2019},
  month = may,
  journal = {Fraunhofer-Institut f{\"u}r Physikalische Messtechnik IPM},
  urldate = {2020-11-03},
  howpublished = {https://www.ipm.fraunhofer.de/de/presse\_publikationen/Presseinformationen/messfahrzeug-3D-Daten-breitbandausbau.html},
  langid = {ngerman},
  file = {C:\Users\Kilian\Zotero\storage\A3JILKTF\messfahrzeug-3D-Daten-breitbandausbau.html}
}

@misc{fraunhofer-institutfuerphysikalischemesstechnikipmGlasfasernetzSoftwareFraunhofer2018,
  title = {{Glasfasernetz: Software von Fraunhofer IPM unterst{\"u}tzt optimierte Trassenplanung - Fraunhofer IPM}},
  shorttitle = {{Glasfasernetz}},
  author = {{Fraunhofer-Institut f{\"u}r Physikalische Messtechnik IPM}},
  year = {2018},
  month = oct,
  journal = {Fraunhofer-Institut f{\"u}r Physikalische Messtechnik IPM},
  urldate = {2020-08-24},
  abstract = {Die Deutsche Telekom AG wird die Planung von Glasfaserleitungen in Zukunft mithilfe von eigens erhobenen Infrastrukturdaten optimieren. Dazu setzt das Unternehmen auf optische Messtechnik mit automatisierter Datenauswertung. Fraunhofer IPM hat f{\"u}r den Telekommunikationskonzern eine Software entwickelt, die Objekte in Messdaten automatisiert erkennt und so verl{\"a}ssliche Planungsdaten f{\"u}r die Tiefbauarbeiten liefert.},
  howpublished = {https://www.ipm.fraunhofer.de/de/presse\_publikationen/Presseinformationen/automatisierte-Bilderkennung-unterstuetzt-ausbau-glasfasernetz-telekom.html},
  langid = {ngerman},
  file = {C:\Users\Kilian\Zotero\storage\CEZIBAQC\automatisierte-Bilderkennung-unterstuetzt-ausbau-glasfasernetz-telekom.html}
}

@misc{fraunhofer-institutfurgraphischedatenverarbeitungigdFibre3DGlasfaserausbauVisuell2019,
  title = {{{Fibre3D}}: {{Glasfaserausbau}} Visuell Erleichtern {\textbar} {{Fraunhofer IGD}}},
  author = {{Fraunhofer-Institut f{\"u}r Graphische Datenverarbeitung IGD}},
  year = {2019},
  month = aug,
  urldate = {2020-08-24},
  howpublished = {https://www.igd.fraunhofer.de/presse/aktuelles/fibre3d-glasfaserausbau-visuell-erleichtern},
  file = {C\:\\Users\\Kilian\\Zotero\\storage\\J4M9RIF8\\pi-2019-17-fraunhofer-igd-fibre3d-visualisierung-fuer-glasfaserausbau.pdf;C\:\\Users\\Kilian\\Zotero\\storage\\NYLCKCCE\\2019-09-10_geo_flyer_glasfaserausbau_de_web.pdf;C\:\\Users\\Kilian\\Zotero\\storage\\87IAIJFA\\fibre3d-glasfaserausbau-visuell-erleichtern.html}
}

@misc{fraunhofer-institutfurphysikalischemesstechnikipmRoadEnvironmentFraunhofer2020,
  title = {Road {{Environment}} - {{Fraunhofer IPM}}},
  author = {{Fraunhofer-Institut f{\"u}r Physikalische Messtechnik IPM}},
  year = {2020},
  journal = {Fraunhofer Institute for Physical Measurement Techniques IPM},
  urldate = {2020-11-03},
  howpublished = {https://www.ipm.fraunhofer.de/en/bu/object-shape-detection/applications/measurement-techniques-for-the-road/road-environment.html},
  langid = {english},
  file = {C\:\\Users\\Kilian\\Zotero\\storage\\4AV2LF4L\\mobile-urban-mapping-system-MUM.pdf;C\:\\Users\\Kilian\\Zotero\\storage\\BIZFCK5Q\\road-environment.html}
}

@misc{FStrGEinzelnorm,
  title = {{\S} 5 {{FStrG}} - {{Einzelnorm}}},
  urldate = {2020-11-17},
  howpublished = {https://www.gesetze-im-internet.de/fstrg/\_\_5.html},
  file = {C:\Users\Kilian\Zotero\storage\3TQBT85P\__5.html}
}

@misc{FTTHTelekomWill,
  title = {{FTTH: Telekom will bei Glasfaser in Europa Nummer eins werden - Golem.de}},
  shorttitle = {{FTTH}},
  urldate = {2020-10-21},
  abstract = {Die Telekom will FTTH sehr breit ausbauen. Die erste Stadt in Deutschland steht mit Bonn laut Hauptversammlung bereits fest.},
  howpublished = {https://www.golem.de/news/hauptversammlung-telekom-will-bei-glasfaser-in-europa-nummer-eins-werden-2006-149191.html},
  langid = {ngerman}
}

@misc{gabrielafobbe-schmidbauerMeinITArbeitsplatzYou2020,
  title = {Mein {{IT-Arbeitsplatz}} {\textbar} {{You And Me}}},
  author = {{Gabriela Fobbe-Schmidbauer} and {Ingrid B{\"o}ing}},
  year = {2020},
  month = jul,
  urldate = {2020-11-02},
  abstract = {Der IT-Standardarbeitsplatz umfasst ein Notebook oder Desktop mit einem Windows 7- oder Windows 10-Betriebssystem inklusive Office 365. Erg{\"a}nzend kann zus{\"a}tzliche Hardware und Software bestellt werden. In manchen F{\"a}llen wird er auch als Virtueller Arbeitsplatz (Virtual Desktop) aus der Cloud angeboten.},
  howpublished = {https://yam.telekom.de/docs/DOC-472708},
  file = {C:\Users\Kilian\Zotero\storage\VZAI4797\DOC-472708.html}
}

@misc{gabrielafobbe-schmidbauerMeinITArbeitsplatzYou2020a,
  title = {Mein {{IT-Arbeitsplatz}} {\textbar} {{You And Me}}},
  author = {{Gabriela Fobbe-Schmidbauer} and {Ingrid B{\"o}ing} and {Deutsche Telekom IT GmbH}},
  year = {2020},
  month = oct,
  urldate = {2020-10-12},
  abstract = {Der IT-Standardarbeitsplatz umfasst ein Notebook oder Desktop mit einem Windows 7- oder Windows 10-Betriebssystem inklusive Office 365. Erg{\"a}nzend kann zus{\"a}tzliche Hardware und Software bestellt werden. In manchen F{\"a}llen wird er auch als Virtueller Arbeitsplatz (Virtual Desktop) aus der Cloud angeboten.},
  howpublished = {https://yam.telekom.de/docs/DOC-472708},
  file = {C:\Users\Kilian\Zotero\storage\JTP29N75\DOC-472708.html}
}

@book{gadatschGrundkursGeschaeftsprozessManagementAnalyse2017,
  title = {{Grundkurs Gesch{\"a}ftsprozess-Management: Analyse, Modellierung, Optimierung und Controlling von Prozessen}},
  shorttitle = {{Grundkurs Gesch{\"a}ftsprozess-Management}},
  author = {Gadatsch, Andreas},
  year = {2017},
  month = mar,
  publisher = {Springer-Verlag},
  abstract = {Das Buch schl{\"a}gt die Br{\"u}cke zwischen den betriebswirtschaftlich-organisatorischen Methoden und deren IT-gest{\"u}tzter Umsetzung. Prozessmanagement hei{\ss}t Gestaltung betrieblicher Aufgaben. Neben methodischen Grundlagen bietet das Werk Praxisbeispiele und {\"U}bungen. Das Buch von Prof. Gadatsch gilt mittlerweile als der "aktuelle Klassiker", DAS ma{\ss}gebliche Standardwerk zur IT-gest{\"u}tzten Gestaltung von Gesch{\"a}ftsprozessen.Die achte Auflage wurde vollst{\"a}ndig {\"u}berarbeitet und an die Anforderungen der Digitalisierung angepasst. Das Werk deckt den gesamten ,,Business Process Management Life-Cycle`` ab. Es behandelt die Entwicklung und das Controlling der Prozessstrategie, die fachliche Modellierung der Prozesse sowie die Unterst{\"u}tzung des Prozessmanagements durch Informationssysteme.},
  googlebooks = {xwlhDgAAQBAJ},
  isbn = {978-3-658-17179-7},
  langid = {ngerman},
  keywords = {Business & Economics / Business Mathematics,Business & Economics / Information Management,Computers / Data Processing,Computers / General,Computers / Information Technology,Computers / System Administration / Storage & Retrieval,Computers / Systems Architecture / General},
  file = {C:\Users\Kilian\Zotero\storage\GL6PRZJ8\Gadatsch - 2017 - Grundkurs Geschäftsprozess-Management Analyse, Mo.pdf}
}

@article{galdinoOpticalFibreCapacity2020,
  title = {Optical {{Fibre Capacity Optimisation}} via {{Continuous Bandwidth Amplification}} and {{Geometric Shaping}}},
  author = {Galdino, L. and Edwards, A. and Yi, W. and Sillekens, E. and Wakayama, Y. and Gerard, T. and Pelouch, W. S. and Barnes, S. and Tsuritani, T. and Killey, R. I. and Lavery, D. and Bayvel, P.},
  year = {2020},
  month = sep,
  journal = {IEEE Photonics Technology Letters},
  volume = {32},
  number = {17},
  pages = {1021--1024},
  issn = {1941-0174},
  doi = {10.1109/LPT.2020.3007591},
  abstract = {The maximum data throughput in a single mode optical fibre is a function of both the signal bandwidth and the wavelength-dependent signal-to-noise ratio (SNR). In this paper, we investigate the use of hybrid discrete Raman \& rare-earth doped fibre amplifiers to enable wide-band signal gain, without spectral gaps between amplification bands. We describe the widest continuous coherent transmission bandwidth experimentally demonstrated to date of 16.83 THz, achieved by simultaneously using the S-, C- and L-bands. The variation of fibre parameters over this bandwidth, together with the hybrid amplification method result in a significant SNR wavelength-dependence. To cope with this, the signal was optimised for each SNR, wavelength and transmission band. By using a system-tailored set of geometrically shaped constellations, we demonstrate the transmission of 660 \${\textbackslash}times25\$ GBd channels over 40 km, resulting in a record single mode fibre net throughput of 178.08 Tbit/s.},
  keywords = {Bandwidth,Broadband transmission system,Erbium-doped fiber amplifiers,geometric shaping,high order modulation format,Optical modulation,Optical noise,Signal to noise ratio,Throughput},
  file = {C\:\\Users\\Kilian\\Zotero\\storage\\H6G8A8EJ\\Galdino et al. - 2020 - Optical Fibre Capacity Optimisation via Continuous.pdf;C\:\\Users\\Kilian\\Zotero\\storage\\7AZDEIJ9\\9144561.html}
}

@book{gehringhBetrieblicheAnwendungssystemeKurseinheit1998,
  title = {Betriebliche {{Anwendungssysteme}}, {{Kurseinheit}} 2, {{Prozessorientierte Gestaltung}} von {{Informationssystemen}}},
  author = {{Gehring, H}},
  year = {1998},
  publisher = {FernUniversit{\"a}t Hagen},
  address = {Hagen}
}

@misc{gemeindbispingenAusschreibungsunterlageLeistungsbeschreibung2016,
  title = {Ausschreibungsunterlage {{Leistungsbeschreibung}}},
  author = {{Gemeind Bispingen}},
  year = {2016},
  month = oct,
  urldate = {2020-11-02},
  abstract = {Ausschreibungsunterlage Leistungsbeschreibung f{\"u}r Bauleistungen zur Realisierung eines Internet-Breitbandversorgungsnetzes FTTB (Fibre To The Building) in der Gemeinde Bispingen},
  file = {C:\Users\Kilian\Zotero\storage\YI4VJSLQ\10 Leistungsbeschreibung 27.10.2016.pdf}
}

@misc{GeoportalHessen,
  title = {Geoportal {{Hessen}}},
  urldate = {2020-10-13},
  howpublished = {https://www.geoportal.hessen.de/},
  file = {C:\Users\Kilian\Zotero\storage\6GC8SMLD\www.geoportal.hessen.de.html}
}

@misc{GestaltungsrasterFurWebseiten,
  title = {Gestaltungsraster F{\"u}r {{Webseiten}} - {{D}} - {{Brand}} \& {{Design Deutsche Telekom}}},
  urldate = {2020-10-06},
  howpublished = {https://www.brand-design.telekom.com/artikel/gestaltungsraster-fuer-webseiten/},
  file = {C:\Users\Kilian\Zotero\storage\SKZGX2AQ\gestaltungsraster-fuer-webseiten.html}
}

@misc{GlasfaserAusbauplanungDurch,
  title = {{Glasfaser Ausbauplanung durch KI {\textbar} Telekom}},
  urldate = {2020-09-22},
  abstract = {Die Telekom startet den weltweit ersten, KI-unterst{\"u}tzten Prozess zur Ausbauplanung von Glasfaser. Mehr zum Netzausbau mit k{\"u}nstlicher Intelligenz erfahren!},
  howpublished = {https://www.telekom.de/netz/glasfaser-ausbauplanung-ki},
  langid = {ngerman},
  file = {C:\Users\Kilian\Zotero\storage\MYUA8E9K\glasfaser-ausbauplanung-ki.html}
}

@misc{GPSGeoplanerGeoConverter,
  title = {{{GPS Geoplaner}} - {{GeoConverter}} {\textbar} {{Routenplaner}} Online},
  urldate = {2020-11-16},
  howpublished = {https://www.geoplaner.de/},
  file = {C:\Users\Kilian\Zotero\storage\2ZGMW8A3\www.geoplaner.de.html}
}

@misc{GruppeGeoHubYou,
  title = {Gruppe: {{Geo-Hub}} {\textbar} {{You And Me}}},
  urldate = {2020-08-19},
  howpublished = {https://yam.telekom.de/groups/geo},
  file = {C:\Users\Kilian\Zotero\storage\FI53VPHQ\geo.html}
}

@misc{GruppeUsabilityAccessibility,
  title = {Gruppe: {{Usability}} \& {{Accessibility Team}} {\textbar} {{You And Me}}},
  urldate = {2020-08-19},
  howpublished = {https://yam.telekom.de/groups/usability-accessibility-team/pages/usability-barrierefreiheit},
  file = {C:\Users\Kilian\Zotero\storage\4Y8RAVUX\usability-barrierefreiheit.html}
}

@misc{GruppeWorkplaceServices,
  title = {Gruppe: {{Workplace Services}} {\textbar} {{You And Me}}},
  urldate = {2020-09-28},
  howpublished = {https://yam.telekom.de/groups/workplace-services},
  file = {C:\Users\Kilian\Zotero\storage\D2LS3DQH\workplace-services.html}
}

@incollection{hartmannGeschaeftsprozessmodellierung2016,
  title = {{Gesch{\"a}ftsprozessmodellierung}},
  booktitle = {{Gesch{\"a}ftsprozessorientierte Systementwicklung: Von der Unternehmensarchitektur zum IT-System}},
  author = {Hartmann, Beate and Wolf, Matthias},
  editor = {Benker, Thomas and J{\"u}rck, Carsten and Wolf, Matthias},
  year = {2016},
  pages = {65--71},
  publisher = {Springer Fachmedien},
  address = {Wiesbaden},
  doi = {10.1007/978-3-658-14826-3_6},
  urldate = {2020-08-24},
  abstract = {Die Gesch{\"a}ftsprozessmodellierung ist ein zentrales Hilfsmittel zur Unterst{\"u}tzung der Analyse und Gestaltung betrieblicher Informationssysteme im Rahmen der gesch{\"a}ftsprozessorientierten Systementwicklung. Gegenstand dieses Beitrags ist eine allgemeine Einf{\"u}hrung der Begriffe Gesch{\"a}ftsprozess und Gesch{\"a}ftsprozessmodellierung.},
  isbn = {978-3-658-14826-3},
  langid = {ngerman},
  file = {C:\Users\Kilian\Zotero\storage\4GGGSLCE\Hartmann und Wolf - 2016 - Geschäftsprozessmodellierung.pdf}
}

@misc{hessenmobilGrafik_Zustandigkeiten_im_Verkehrpng2129x1812,
  title = {Grafik\_{{Zust{\"a}ndigkeiten}}\_im\_{{Verkehr}}.Png (2129{\texttimes}1812)},
  author = {Hessen Mobil},
  urldate = {2020-08-03},
  howpublished = {https://mobil.hessen.de/sites/mobil.hessen.de/files/styles/article\_image/public/Grafik\_Zust\%C3\%A4ndigkeiten\_im\_Verkehr.png?itok=qf5BIHr3},
  file = {C:\Users\Kilian\Zotero\storage\3XW3QCTG\Grafik_Zuständigkeiten_im_Verkehr.html}
}

@misc{hessenmobilZustaendigkeitenImVerkehr2018,
  title = {{Zust{\"a}ndigkeiten im Verkehr}},
  author = {{Hessen Mobil}},
  year = {2018},
  month = may,
  journal = {Hessen Mobil - Stra{\ss}en- und Verkehrsmanagement},
  urldate = {2020-08-03},
  abstract = {Die Stra{\ss}enverkehrsordnung (StVO) ist die Rechtsgrundlage f{\"u}r alle stra{\ss}enverkehrsrechtlichen Ma{\ss}nahmen; zust{\"a}ndig f{\"u}r deren Ausf{\"u}hrung sind die Stra{\ss}enverkehrsbeh{\"o}rden. Diese k{\"o}nnen Geschwindigkeitsbeschr{\"a}nkungen sowie andere Verbote und Beschr{\"a}nkungen insbesondere des flie{\ss}enden Verkehrs anordnen, wenn diese erforderlich, geeignet und angemessen sind, um bestimmte Gefahren},
  howpublished = {https://mobil.hessen.de/verkehr/zust\%C3\%A4ndigkeiten-im-verkehr},
  langid = {ngerman},
  file = {C:\Users\Kilian\Zotero\storage\CU3YEKVQ\zuständigkeiten-im-verkehr.html}
}

@misc{hessischeministeriumderjustizHessischesStrassengesetzHStrG2004,
  title = {Hessisches {{Stra{\ss}engesetz}} ({{HStrG}}) - {\S} 43 {{Tr{\"a}ger}} Der {{Stra{\ss}enbaulast}} F{\"u}r {{Gemeindestra{\ss}en}}},
  author = {{Hessische Ministerium der Justiz}},
  year = {2004},
  month = jan,
  urldate = {2020-09-14},
  abstract = {{\S} 43 Tr{\"a}ger der Stra{\ss}enbaulast f{\"u}r Gemeindestra{\ss}en Die Gemeinden sind Tr{\"a}ger der Stra{\ss}enbaulast f{\"u}r die Gemeindestra{\ss}en.},
  howpublished = {https://www.rv.hessenrecht.hessen.de/bshe/document/jlr-StrGHEpP43},
  file = {C:\Users\Kilian\Zotero\storage\CSJ7V5MW\jlr-StrGHEpP43.html}
}

@misc{hessischeministeriumderjustizHessischesStrassengesetzHStrG2007,
  title = {Hessisches {{Stra{\ss}engesetz}} ({{HStrG}}) - {\S} 41 {{Tr{\"a}ger}} Der {{Stra{\ss}enbaulast}} F{\"u}r {{Landesstra{\ss}en}} Und {{Kreisstra{\ss}en}}},
  author = {{Hessische Ministerium der Justiz}},
  year = {2007},
  month = apr,
  urldate = {2020-09-14},
  abstract = {{\S} 41 Tr{\"a}ger der Stra{\ss}enbaulast f{\"u}r Landesstra{\ss}en und Kreisstra{\ss}en},
  howpublished = {https://www.rv.hessenrecht.hessen.de/bshe/document/jlr-StrGHEV1P41},
  file = {C:\Users\Kilian\Zotero\storage\9KQ8XM34\jlr-StrGHEV1P41.html}
}

@misc{HilfedokumenteHowDoIsITWorkplace,
  title = {Hilfedokumente ({{HowDoIs}}) Der {{IT-Workplace Commu}}... {\textbar} {{You And Me}}},
  urldate = {2020-09-28},
  howpublished = {https://yam.telekom.de/docs/DOC-423526\#},
  file = {C:\Users\Kilian\Zotero\storage\4JZVWWYM\DOC-423526.html}
}

@article{hutchesonFTTxCurrentStatus2008,
  title = {{{FTTx}}: {{Current Status}} and the {{Future}}},
  shorttitle = {{{FTTx}}},
  author = {Hutcheson, L.},
  year = {2008},
  month = jul,
  journal = {IEEE Communications Magazine},
  volume = {46},
  number = {7},
  pages = {90--95},
  issn = {1558-1896},
  doi = {10.1109/MCOM.2008.4557048},
  abstract = {By the end of 2007, there were 29 million subscribers to services supplied by FTTx equipment, and by 2012, it is expected the number will grow to over 100 million subscribers. In this paper, we review the current status of FTTx and analyze what is taking place in different regions of the world. We view the future for FTTx in terms of growth and the types of FTTx products we might see.},
  keywords = {advanced multimedia services,Cable TV,corporate broadband,Councils,Europe,FCC,fiber to the x infrastructures,Fiber-to-the-x networks,FTTx,high definition television,Internet Protocol television,Marketing and sales,multimedia communication,North America,optical communication,Optical fiber devices,Optical fiber subscriber loops,Passive optical networks,Telecommunications,ultra-high-bit-rate Internet access,video on demand,wavelength division multiplexing,wavelength division multiplexing technology}
}

@misc{ifsinstitutfurstrassenwesenderuniversitatsiegenStrassenwesenStrassenbautechnikTeil2018,
  title = {Stra{\ss}enwesen: {{Stra{\ss}enbautechnik}} / {{Teil}} 2},
  author = {{ifs Institut f{\"u}r Stra{\ss}enwesen der Universit{\"a}t Siegen}},
  year = {2018},
  month = oct,
  urldate = {2020-10-28},
  file = {C:\Users\Kilian\Zotero\storage\SFBMG7N6\skript_august_2019.pdf}
}

@misc{INffORUMRequirementsEngineering,
  title = {{INffORUM: Requirements Engineering - Problem-/Ziel-/Restriktions-Analyse}},
  shorttitle = {{INffORUM}},
  urldate = {2020-11-23},
  howpublished = {http://www.infforum.de/themen/anforderungsanalyse/re-pzr-analyse.htm},
  langid = {ngerman},
  file = {C:\Users\Kilian\Zotero\storage\G84SG3RZ\re-pzr-analyse.html}
}

@misc{InfschuleDatentypenFachkonzept2020,
  title = {Inf-Schule {\textbar} {{Datentypen}} >> {{Fachkonzept}} - {{Datentyp}}},
  year = {2020},
  urldate = {2020-10-22},
  howpublished = {https://www.inf-schule.de/programmierung/imperativeprogrammierung/konzepteimp/datentypen/konzept\_datentyp},
  file = {C:\Users\Kilian\Zotero\storage\QRVDQM8R\konzept_datentyp.html}
}

@misc{inside-intermediadigitalgmbhHuaweiP20Pro2020,
  title = {{Huawei P20 Pro Dual-SIM Datenblatt {\textbar} alle technischen Daten}},
  author = {{inside-intermedia Digital GmbH}},
  year = {2020},
  journal = {inside digital},
  urldate = {2020-12-02},
  abstract = {Alle technischen Daten und Features des Huawei P20 Pro Dual-SIM \ding{51} Hier findest du Daten, Bilder, Videos, Tests und Preise zum Huawei P20 Pro Dual-SIM auf einen Blick. Jetzt informieren und vergleichen.},
  howpublished = {https://www.inside-digital.de/handys/huawei-p20-pro-dual-sim},
  langid = {ngerman},
  file = {C:\Users\Kilian\Zotero\storage\VRBBYLYR\huawei-p20-pro-dual-sim.html}
}

@misc{institutfurinternetundneuemedienWebAppsIINM2020,
  title = {{{WebApps}}: {{IINM}}},
  author = {{Institut f{\"u}r Internet und Neue Medien}},
  year = {2020},
  urldate = {2020-12-02},
  howpublished = {https://www.internetinstitut.de/webseiten/webapps/},
  file = {C:\Users\Kilian\Zotero\storage\KNCLQXUP\webapps.html}
}

@misc{internationalorganizationforstandardizationISOIEC195102013,
  title = {{{ISO}}/{{IEC}} 19510:2013 {{Information}} Technology - {{Object Management Group Business Process Model}} and {{Notation}}},
  shorttitle = {{{ISO}}/{{IEC}} 19510},
  author = {{International Organization for Standardization}},
  year = {2013},
  month = jul,
  journal = {ISO},
  urldate = {2020-08-24},
  abstract = {Information technology --- Object Management Group Business Process Model and Notation},
  howpublished = {https://www.iso.org/cms/render/live/en/sites/isoorg/contents/data/standard/06/26/62652.html},
  langid = {english},
  file = {C\:\\Users\\Kilian\\Zotero\\storage\\BGL6EDRQ\\PDF.pdf;C\:\\Users\\Kilian\\Zotero\\storage\\CMKKHK8G\\62652.html}
}

@misc{internationalorganizationforstandardizationISOIECIEEE2020,
  title = {{{ISO}}/{{IEC}}/{{IEEE}} 12207-2:2020},
  shorttitle = {{{ISO}}/{{IEC}}/{{IEEE}} 12207-2},
  author = {{International Organization for Standardization}},
  year = {2020},
  month = oct,
  journal = {ISO},
  urldate = {2020-10-29},
  abstract = {Systems and software engineering --- Software life cycle processes --- Part 2: Relation and mapping between ISO/IEC/IEEE 12207:2017 and ISO/IEC 12207:2008},
  howpublished = {https://www.iso.org/cms/render/live/en/sites/isoorg/contents/data/standard/07/34/73446.html},
  langid = {english},
  file = {C:\Users\Kilian\Zotero\storage\UBRJGVXF\73446.html}
}

@misc{internationaltelecommunicationunion-telecommunicationstandardizationsectoritu-tG9841GigabitcapablePassive,
  title = {G.984.1~:~{{Gigabit-capable}} Passive Optical Networks ({{GPON}}): {{General}} Characteristics},
  author = {{International Telecommunication Union - Telecommunication Standardization Sector (ITU-T)}},
  urldate = {2020-11-05},
  howpublished = {https://www.itu.int/rec/T-REC-G.984.1},
  file = {C\:\\Users\\Kilian\\Zotero\\storage\\ML38IN7T\\G.984.1  Gigabit-capable passive optical networks.pdf;C\:\\Users\\Kilian\\Zotero\\storage\\8ETWV8FR\\T-REC-G.984.html}
}

@misc{internationaltelecommunicationunionituG9701FastAccess2019,
  title = {G.9701~:~{{Fast}} Access to Subscriber Terminals ({{G}}.Fast) - {{Physical}} Layer Specification},
  author = {{International Telecommunication Union (ITU)}},
  year = {2019},
  month = mar,
  urldate = {2020-09-17},
  howpublished = {https://www.itu.int/rec/T-REC-G.9701-201903-I/en},
  file = {C\:\\Users\\Kilian\\Zotero\\storage\\DDTJVP2C\\G.9701  Fast access to subscriber terminals (G.fa.pdf;C\:\\Users\\Kilian\\Zotero\\storage\\VQG296VH\\en.html}
}

@misc{internationaltelecommunicationunionituG9932VeryHigh2019,
  title = {G.993.2~:~{{Very}} High Speed Digital Subscriber Line Transceivers 2 ({{VDSL2}})},
  author = {International Telecommunication Union (ITU)},
  year = {2019},
  month = feb,
  urldate = {2020-09-19},
  howpublished = {https://www.itu.int/rec/T-REC-G.993.2/en},
  file = {C\:\\Users\\Kilian\\Zotero\\storage\\IRLX67YU\\International Telecommunication Union (ITU) - G.993.2  Very high speed digital subscriber line .pdf;C\:\\Users\\Kilian\\Zotero\\storage\\W8TF4X9Y\\en.html}
}

@misc{internationaltelecommunicationunionituM2083IMTVision2015,
  title = {M.2083~:~{{IMT Vision}} - "{{Framework}} and Overall Objectives of the Future Development of {{IMT}} for 2020 and Beyond"},
  author = {{International Telecommunication Union (ITU)}},
  year = {2015},
  month = sep,
  urldate = {2020-08-24},
  howpublished = {https://www.itu.int/rec/R-REC-M.2083-0-201509-I/en},
  file = {C:\Users\Kilian\Zotero\storage\ZK2MPYGI\R-REC-M.2083-0-201509-I!!PDF-E.pdf}
}

@misc{IntlHelpDocuments,
  title = {Intl: {{Help Documents}} ({{HowDoIs}}) of {{IT Workplace}} {\textbar} {{You And Me}}},
  urldate = {2020-09-28},
  howpublished = {https://yam.telekom.de/docs/DOC-561949},
  file = {C:\Users\Kilian\Zotero\storage\ZNKQ4U27\DOC-561949.html}
}

@misc{IstAnalyseDefinitionSollSituation2019,
  title = {{Ist-Analyse, Definition der Soll-Situation und des Bedarfs - IT im KMU}},
  year = {2019},
  month = feb,
  journal = {Informationstechnologie im KMU},
  urldate = {2020-08-10},
  abstract = {Um den Bedarf zu erheben brauchen Sie eine Ist-Analyse und die Definition der Soll-Situation im Umfeld der geplanten IT-L{\"o}sung.},
  langid = {ngerman},
  file = {C:\Users\Kilian\Zotero\storage\INDHXMAR\ist-soll-bedarf-analyse.html}
}

@misc{ITUTRecommendationDatabase,
  title = {{{ITU-T Recommendation}} Database},
  urldate = {2020-09-17},
  howpublished = {https://www.itu.int/ITU-T/recommendations/rec.aspx?rec=12090},
  file = {C:\Users\Kilian\Zotero\storage\X5V59AR8\rec.html}
}

@misc{ITWorkplacePodcast34,
  title = {{{IT-Workplace Podcast}} 34 - {{Produktportfolio}} {\textbar} {{You And Me}}},
  urldate = {2020-09-28},
  howpublished = {https://yam.telekom.de/docs/DOC-656821},
  file = {C:\Users\Kilian\Zotero\storage\72DV4STA\DOC-656821.html}
}

@misc{janpaulfranzMobileAppDevelopment,
  title = {{Mobile App Development}},
  author = {{janpaulfranz}},
  journal = {Simplifier},
  urldate = {2020-12-01},
  abstract = {Erstellen Sie mit dem Simplifier effizient mobile Applikationen und machen Sie Ihr Unternehmen attraktiver \& digitaler!},
  langid = {ngerman},
  file = {C:\Users\Kilian\Zotero\storage\UMWVB3R3\mobile-app-development.html}
}

@misc{jensihlenfeldDeutscheTelekomVerkauft2000,
  title = {Deutsche {{Telekom}} Verkauft {{Kabelnetz}} in {{NRW}}},
  author = {{Jens Ihlenfeld}},
  year = {2000},
  month = feb,
  urldate = {2020-10-27},
  abstract = {Die Deutsche Telekom AG hat heute den ersten Vertrag zum Teilverkauf ihrer Kabelnetze unterschrieben. Neuer Mehrheitseigent{\"u}mer f{\"u}r die Regionalgesellschaft Nordrhein-Westfalen mit 4,2 Millionen angeschlossenen Haushalten ist Callahan Associates International LLC.},
  howpublished = {https://www.golem.de/0002/6416.html},
  file = {C:\Users\Kilian\Zotero\storage\NXC98969\6416.html}
}

@misc{josuastahliPrazisePositionsbestimmungMit2013,
  title = {Pr{\"a}zise {{Positionsbestimmung}} Mit {{Low-Cost-GPS}} Und {{Postprocessing}}},
  author = {{Josua St{\"a}hli} and {Stefan Keller}},
  year = {2013},
  month = feb,
  urldate = {2020-11-16},
  file = {C:\Users\Kilian\Zotero\storage\E8UPABMB\TR-1301-IFS-HSR_v5.pdf}
}

@book{karl-heinzneumannModellierungKostenFlaechendeckenden2017,
  title = {{Modellierung der Kosten eines fl{\"a}chendeckenden Hochbreitbandnetzes in der Schweiz}},
  author = {{Karl-Heinz Neumann} and {Martin Ockenfels} and {Dr. Thomas Pl{\"u}ckebaum}},
  year = {2017},
  month = oct,
  urldate = {2020-10-27},
  abstract = {Digitales Archiv ist ein Publikationsserver f{\"u}r wirtschaftswissenschaftliche Fachliteratur und wird von der ZBW -- Leibniz-Informationszentrum Wirtschaft als {\"o}ffentliche Informationsinfrastruktur betrieben.},
  collaborator = {{Konrad Zoz} and {Desislava Sabeva}},
  isbn = {978-1-04-879402-1},
  langid = {ngerman},
  annotation = {Accepted: 2019-02-08T12:03:51Z},
  file = {C\:\\Users\\Kilian\\Zotero\\storage\\W2VBCSJU\\Neumann - Modellierung der Kosten eines flächendeckenden Hoc.pdf;C\:\\Users\\Kilian\\Zotero\\storage\\PJNPBR3P\\2803.html}
}

@misc{karstenenglertMobilfunkrichtlinieFurDeutsche2018,
  title = {Mobilfunkrichtlinie F{\"u}r Die {{Deutsche Telekom Technik GmbH}}},
  author = {{Karsten Englert}},
  year = {2018},
  month = aug,
  urldate = {2020-11-02},
  abstract = {Dieses Dokument regelt die dienstliche Nutzung von mobilen Endger{\"a}ten in der Deutschen Telekom Technik GmbH},
  howpublished = {https://mydms.telekom.de/mydms/Start.do?spx=LTDOC864292666385351075529034},
  file = {C\:\\Users\\Kilian\\Zotero\\storage\\CG5P975W\\81038 Mobilfunkrichtlinie Deutsche Telekom Technik GmbH_V07_final.doc;C\:\\Users\\Kilian\\Zotero\\storage\\SCUY66GV\\Start.html}
}

@book{keiserFTTXConceptsApplications2006,
  title = {{{FTTX Concepts}} and {{Applications}}},
  author = {Keiser, Gerd},
  year = {2006},
  month = feb,
  publisher = {John Wiley \& Sons},
  abstract = {This book presents fundamental passive optical network (PON) concepts, providing you with the tools needed to understand, design, and build these new access networks. The logical sequence of topics begins with the underlying principles and components of optical fiber communication technologies used in access networks. Next, the book progresses from descriptions of PON and fiber-to-the-X (FTTX) alternatives to their application to fiber-to-the-premises (FTTP) networks and, lastly, to essential measurement and testing procedures for network installation and maintenance. An Instructor's Manual presenting detailed solutions to all the problems in the book is available from the Wiley editorial department.},
  isbn = {978-0-471-76909-5},
  langid = {english},
  keywords = {Technology & Engineering / Electrical,Technology & Engineering / Telecommunications}
}

@incollection{kellerArchitekturZugangsnetze2011a,
  title = {{Architektur Zugangsnetze}},
  booktitle = {{Breitbandkabel und Zugangsnetze: Technische Grundlagen und Standards}},
  author = {Keller, Andres},
  editor = {Keller, Andres},
  year = {2011},
  pages = {73--110},
  publisher = {Springer},
  address = {Berlin, Heidelberg},
  doi = {10.1007/978-3-642-17631-9_2},
  urldate = {2020-10-27},
  abstract = {Das Kapitel Architektur Zugangsnetze gibt eine {\"U}bersicht {\"u}ber die Zugangsnetze der Gegenwart und einen Ausblick in die nahe Zukunft. Bemerkenswert ist, dass die drahtlosen Zugangsnetze ohne Investitionen in das eigentliche Zugangsnetz auskommen. Es sind lediglich z. B. Basisstationen bei der Mobiltelefonie und Satelliten beim Satellitenrundfunk erforderlich, der freie Raum zwischen diesen St{\"u}tzpunkten und dem Empfangsger{\"a}t wird durch Radiowellen {\"u}berbr{\"u}ckt. Das mag ein Vorteil in Bezug auf Kosten und Realisierungszeit sein. Dem steht aber Frequenzknappheit, relativ hohe Durchdringungsd{\"a}mpfung von Geb{\"a}uden und eventuell mangelnde Akzeptanz in der {\"O}ffentlichkeit gegen{\"u}ber. Festnetze und Radionetze waren in der Vergangenheit streng normiert. Bereits in der j{\"u}ngeren Vergangenheit hat sich eine Vielfalt von L{\"o}sungen aufgetan, welche eine {\"U}bersicht schwierig macht. Die Standardisierung wurde durch die Industrie gepr{\"a}gt und ist somit vielf{\"a}ltig und oft auch herstellergepr{\"a}gt. Beim Festnetz ist ein klarer Trend hin zum Glasfasernetz (PON, FttH) festzustellen, um den steigenden Transport-Kapazit{\"a}tsbedarf zu decken.},
  isbn = {978-3-642-17631-9},
  langid = {ngerman},
  file = {C:\Users\Kilian\Zotero\storage\KEJTENHM\Keller - 2011 - Architektur Zugangsnetze.pdf}
}

@book{kellerSemantischeProzessmodellierungAuf1992,
  title = {{Semantische Prozessmodellierung auf der Grundlage "ereignisgesteuerter Prozessketten (EPK)"}},
  author = {Keller, Gerhard and N{\"u}ttgens, Markus and Scheer, August-Wilhelm},
  year = {1992},
  publisher = {Inst. f{\"u}r Wirtschaftsinformatik},
  googlebooks = {MIKftgAACAAJ},
  langid = {ngerman},
  file = {C:\Users\Kilian\Zotero\storage\EMFQZ5FL\IWi_Heft_89.pdf}
}

@misc{kershennaidooChoosingPWANative2019,
  title = {Choosing between {{PWA}} or {{Native}}? {{Which}} Is Better for You? {\textbar} e-Point {{SA}}},
  shorttitle = {Choosing between {{PWA}} or {{Native}}?},
  author = {{Kershen Naidoo}},
  year = {2019},
  month = jun,
  journal = {epoint},
  urldate = {2020-12-03},
  abstract = {The number of people who access the internet with their mobile devices has increased and recent statistics show that mobile users consume twice as much content as desktop users.},
  howpublished = {https://www.e-point.com/blog/choosing-between-pwa-or-native-which-is-better-for-you},
  langid = {english},
  file = {C:\Users\Kilian\Zotero\storage\3DA5BQTT\choosing-between-pwa-or-native-which-is-better-for-you.html}
}

@article{knuthinkelmannGeschaeftsprozessmodellierung2012,
  title = {{4. Gesch{\"a}ftsprozessmodellierung}},
  author = {{Knut Hinkelmann}},
  year = {2012},
  pages = {30},
  urldate = {2020-08-24},
  langid = {ngerman},
  file = {C:\Users\Kilian\Zotero\storage\LXX2BNZH\Hinkelmann - 4. Geschäftsprozessmodellierung.pdf}
}

@misc{landesbetriebforstbrandenburgAufgabenForstbehordeLandesbetrieb2020,
  title = {Aufgaben {{Forstbeh{\"o}rde}} {\textbar} {{Landesbetrieb Forst Brandenburg}}},
  author = {{Landesbetrieb Forst Brandenburg}},
  year = {2020},
  urldate = {2020-09-14},
  howpublished = {https://forst.brandenburg.de/lfb/de/themen/aufgaben-forstbehoerde/},
  file = {C:\Users\Kilian\Zotero\storage\PHLG8HGU\aufgaben-forstbehoerde.html}
}

@misc{landesstrassenbaubehoerdesachsen-anhaltAntragsrechtlicheUnterlagenNach2020,
  title = {{Antragsrechtliche Unterlagen nach Paragraph 68 (3) TGK (wegerechtliche Mitbenutzung)}},
  author = {{Landesstra{\ss}enbaubeh{\"o}rde Sachsen-\hspace{0pt}Anhalt}},
  year = {2020},
  journal = {Landesportal Sachsen-Anhalt},
  urldate = {2020-11-17},
  abstract = {Das Portal des Landes Sachsen-Anhalt},
  howpublished = {https://lsbb.sachsen-anhalt.de/service/antragsrechtliche-unterlagen-nach-paragraph-68-3-tgk-wegerechtliche-mitbenutzung/},
  langid = {ngerman},
  file = {C:\Users\Kilian\Zotero\storage\QQD8PP84\antragsrechtliche-unterlagen-nach-paragraph-68-3-tgk-wegerechtliche-mitbenutzung.html}
}

@misc{landratsamtfuldaNaturschutzrechtlicheFragenArtenschutz2020,
  title = {Naturschutzrechtliche {{Fragen}} / {{Artenschutz}}},
  author = {{Landratsamt Fulda}},
  year = {2020},
  urldate = {2020-09-14},
  howpublished = {https://www.landkreis-fulda.de/buergerservice/natur-und-umwelt/naturschutz/naturschutzrechtliche-fragen-artenschutz},
  file = {C:\Users\Kilian\Zotero\storage\TUI2ZMBA\naturschutzrechtliche-fragen-artenschutz.html}
}

@article{laneIEEEREFERENCEGUIDE,
  title = {{{IEEE REFERENCE GUIDE}}},
  author = {Lane, Hoes},
  pages = {43},
  langid = {english},
  file = {C:\Users\Kilian\Zotero\storage\QRPUEA56\Lane - IEEE REFERENCE GUIDE.pdf}
}

@misc{langmatzgmbhEnergieAnschlussSauleEnASTyp2020,
  title = {Energie-{{Anschluss-S{\"a}ule}} ({{EnAS}}) {\textbar} {{Typ EK}} 430},
  author = {{Langmatz GmbH}},
  year = {2020},
  urldate = {2020-10-12},
  file = {C:\Users\Kilian\Zotero\storage\BGNH9DL5\langmatz-outdoor-gehaeuse-aussengehaeuse-kabelverteilerschrank-ek430.pdf}
}

@misc{langmatzgmbhGlasfaserNetzverteilerOberirdisch2020,
  title = {Glasfaser-{{Netzverteiler}} (Oberirdisch)},
  author = {{Langmatz GmbH}},
  year = {2020},
  urldate = {2020-10-12},
  file = {C:\Users\Kilian\Zotero\storage\FX5BWPQN\langmatz-fttx-glasfaser-netzverteiler-ek245-ek345.pdf}
}

@misc{langmatzgmbhLangmatzOutdoorGehaeuseUnd2020,
  title = {{Langmatz Outdoor-Geh{\"a}use und Outdoor-Sockel {\textbar} Kabelverteilerschrank, Au{\ss}engeh{\"a}use, stark in der Technik und vielseitig im Ausbau}},
  author = {{Langmatz GmbH}},
  year = {2020},
  urldate = {2020-10-12},
  abstract = {Outdoor-Geh{\"a}use und Outdoor-Sockel, witterungsbest{\"a}ndige Au{\ss}engeh{\"a}use mit variablem Ausbau, stark in der Technik und vielseitig im Ausbau},
  langid = {ngerman},
  file = {C:\Users\Kilian\Zotero\storage\V7QP2RN5\outdoor-gehaeuse-und-outdoor-sockel.html}
}

@misc{langmatzgmbhLangmatzOutdoorGehauseUnd2019,
  title = {Langmatz - {{Outdoor-Geh{\"a}use}} Und {{Outdoor-Sockel}}},
  author = {{Langmatz GmbH}},
  year = {2019},
  month = nov,
  urldate = {2020-10-12},
  abstract = {Unsere Outdoor-Geh{\"a}use und Outdoor-Sockel werden aus hochwertigem Polycarbonat hergestellt, das besonders wetterbest{\"a}ndig und gut recyclebar ist. Au{\ss}erdem bieten Sie optimalen Schutz f{\"u}r die unterschiedlichen Anschlussund {\"U}bertragungskomponenten.},
  file = {C:\Users\Kilian\Zotero\storage\DJKA4IPZ\langmatz-outdoorgehaeuse-outdoorsockel-produktinformation-de.pdf}
}

@misc{langmatzgmbhStromversorgungseinheitSVE129R2015,
  title = {Stromversorgungseinheit {{SVE}} 6 {{Z 129R}}},
  author = {{Langmatz GmbH}},
  year = {2015},
  month = sep,
  urldate = {2020-10-12},
  abstract = {Kompakt und individuell Die Stromversorgungseinheit SVE 6 Z 129R ist ein Qualit{\"a}tsprodukt von Langmatz, welches innovative und praxisbew{\"a}hrte Eigenschaften in sich vereint. Die Stromversorgungseinheit wird bereits seit vielen Jahren erfolgreich im Bereich der Telekommunikation verwendet. Mit einem kompakten Aufbau bietet die SVE nahezu f{\"u}r jede Anforderung eine L{\"o}sung, auch f{\"u}r Sonderanwendungen.},
  file = {C:\Users\Kilian\Zotero\storage\ZZ4INTRM\langmatz-stromversorgungseinheit-sve-6-z-129r.pdf}
}

@misc{langmatzgmbhStromversorgungseinheitSVE259R2015,
  title = {Stromversorgungseinheit {{SVE}} 6 {{Z 259R}}},
  author = {{Langmatz GmbH}},
  year = {2015},
  month = sep,
  urldate = {2020-10-12},
  abstract = {Kompakt und individuell Die Stromversorgungseinheit SVE 6 Z 259R ist ein Qualit{\"a}tsprodukt von Langmatz, welches innovative und praxisbew{\"a}hrte Eigenschaften in sich vereint. Die Stromversorgungseinheit wird bereits seit vielen Jahren erfolgreich im Bereich der Telekommunikation verwendet. Mit einem kompakten Aufbau bietet die SVE nahezu f{\"u}r jede Anforderung eine L{\"o}sung, auch f{\"u}r Sonderanwendungen.},
  file = {C:\Users\Kilian\Zotero\storage\XXU4Y4KD\langmatz-stromversorgungseinheit-sve-6-z-259r.pdf}
}

@misc{marioss.kyriakouKIOSResearchImportPhotos2020,
  title = {{{KIOS-Research}}/{{ImportPhotos}}},
  author = {{Marios S. Kyriakou} and {George A. Christou}},
  year = {2020},
  month = nov,
  urldate = {2020-11-30},
  abstract = {This tool can be used to import Geo-Tagged photos (jpg or jpeg) as points to QGIS.},
  copyright = {GPL-3.0 License         ,                 GPL-3.0 License},
  howpublished = {KIOS Research and Innovation Center of Excellence, University of Cyprus},
  keywords = {geotagged-photos,qgis,qgis-plugin}
}

@misc{markharmanOpenCameraApps2020,
  title = {{Open Camera -- Apps bei Google Play}},
  author = {{Mark Harman}},
  year = {2020},
  month = nov,
  urldate = {2020-11-30},
  abstract = {Open Camera is a completely free Camera app. Features: * Option to auto-level so your pictures are perfectly level no matter what. * Expose your camera's functionality: support for scene modes, color effects, white balance, ISO, exposure compensation/lock, selfie with "screen flash", HD video and more. * Handy remote controls: timer (with optional voice countdown), auto-repeat mode (with configurable delay). * Option to take photo remotely by making a noise, or by voice command "cheese". * Configurable volume keys and user interface. * Upside-down preview option for use with attachable lenses. * Overlay a choice of grids and crop guides. * Optional GPS location tagging (geotagging) of photos and videos; for photos this includes compass direction (GPSImgDirection, GPSImgDirectionRef). * Apply date and timestamp, location coordinates, and custom text to photos; store date/time and location as video subtitles (.SRT). * Panorama, including for front camera. * Support for HDR (with auto-alignment and ghost removal) and Exposure Bracketing. * Support for Camera2 API: manual controls (with optional focus assist); burst mode; RAW (DNG) files; slow motion video; log profile video. * Noise reduction (including low light night mode) and Dynamic range optimisation modes. * Options for on-screen histogram, zebra stripes, focus peaking. * Focus bracketing mode. * Completely free, and no third party ads in the app (I only run third party ads on the website). Open Source. (Some features may not be available on all devices, as they may depend on hardware or camera features, the Android version, etc.) Website (and links to source code): http://opencamera.org.uk/ Note that it's not possible for me to test Open Camera on every Android device out there, so please test before using Open Camera to photo/video your wedding etc :) App icon by Adam Lapinski. Open Camera also uses content under third party licences, see https://opencamera.org.uk/\#licence},
  howpublished = {https://play.google.com/store/apps/details?id=net.sourceforge.opencamera\&hl=de\&gl=US},
  langid = {ngerman},
  file = {C:\Users\Kilian\Zotero\storage\4NI2V6NI\details.html}
}

@misc{markusjodlLTEEntlangGrenze2020,
  title = {{{LTE}} Entlang Der {{Grenze}}},
  author = {{Markus Jodl}},
  year = {2020},
  month = aug,
  urldate = {2020-10-28},
  abstract = {Die Grenzlage am unteren Niederrhein, mitten in Europa, ist reizvoll. In Sachen Handyempfang hat sie bisher aber zu einigen Problemen gef{\"u}hrt. Bis 2019 durfte nur mit gedrosselter Leistung gesendet werden, doch Ende letzten Jahres hat die Bundesnetzagentur diese Drosselung aufgehoben und die Sendeanlagen der Telekom fahren auf Hochtour.  Die Telekom erweitert jetzt vielerorts die Kapazit{\"a}ten bereits bestehender grenznaher Anlagen und baut, zum Beispiel in Straelen nahe der niederl{\"a}ndischen Grenze, ganz neue Standorte auf. Eine clevere L{\"o}sung brachte die Gemeinde besonders schnell ans LTE und 5G Netz: statt wie {\"u}blich auf Tiefbau zu setzen, wurden Holzmasten f{\"u}r die oberirdische Leitungsf{\"u}hrung verwendet sowie die Vorteile des Trenching genutzt. Das sparte nicht nur Zeit und Kosten, sondern zeigt auch, wie schnell der Netzausbau vorangetrieben werden kann, wenn Kommune und Telekom gemeinsam an einem Strang ziehen. \_\_\_\_\_\_\_\_\_\_\_\_\_\_\_\_\_\_\_\_\_\_\_\_\_\_\_\_\_\_\_\_\_\_\_\_\_\_\_\_\_\_\_\_ Youtube-Kanal abonnieren und kein Video mehr verpassen: https://www.youtube.com/channel/UCX-2...  \_\_\_\_\_\_\_\_\_\_\_\_\_\_\_\_\_\_\_\_\_\_\_\_\_\_\_\_\_\_\_\_\_\_\_\_\_\_\_\_\_\_\_\_ Diese Videos sind ebenfalls interessant: ►LTE-Versorgung: Telekom geht an die Grenzen: https://www.youtube.com/watch?v=y3Wrs... ►Wie Mobilfunk an der Schweizer Grenze funktioniert: https://www.youtube.com/watch?v=nQiuW... ►Breitband-Ball - Wir {\"o}ffnen einen Kugelmarker: https://www.youtube.com/watch?v=70cTZ... \_\_\_\_\_\_\_\_\_\_\_\_\_\_\_\_\_\_\_\_\_\_\_\_\_\_\_\_\_\_\_\_\_\_\_\_\_\_\_\_\_\_\_\_ ►Blog: https://telekom.com/de/blog/netz ►Podcast: https://www.telekom.com/de/medien/pod... ►Twitter: https://twitter.com/telekomnetz  \_\_\_\_\_\_\_\_\_\_\_\_\_\_\_\_\_\_\_\_\_\_\_\_\_\_\_\_\_\_\_\_\_\_\_\_\_\_\_\_\_\_\_\_ KOMMENTARE:  Wir freuen uns auf ein Gespr{\"a}ch mit Euch. So w{\"u}nschen wir und andere Zuschauer uns Kommentare: 1. offen, aber h{\"o}flich und respektvoll 2. {\"u}berlegt und anregend 3. tolerant gegen{\"u}ber anders lautenden Meinungen Dar{\"u}ber {\"a}rgern wir und andere Zuschauer uns: 1. SPAM 2. Beleidigungen und pers{\"o}nliche Angriffe 3. jegliche Verletzungen deutschen Rechts, z. B. Urheberrecht 4. Themen, die sich nicht auf den Beitrag beziehen 5. jugendgef{\"a}hrdende Aussagen Sollten solche Kommentare auftauchen, behalten wir uns vor diese zu entfernen.  Die Kommentarregeln im {\"U}berblick:  https://telekom.com/de/blog/artikel/u...  \_\_\_\_\_\_\_\_\_\_\_\_\_\_\_\_\_\_\_\_\_\_\_\_\_\_\_\_\_\_\_\_\_\_\_\_\_\_\_\_\_\_\_\_ \#LTE \#Glasfaser \#Trenching},
  howpublished = {https://www.youtube.com/watch?v=znjBoILc3t0\&t=133s\&ab\_channel=TelekomNetz}
}

@misc{martinkompfEntfernungsberechnung2020,
  title = {Entfernungsberechnung},
  author = {{Martin Kompf}},
  year = {2020},
  urldate = {2020-11-16},
  abstract = {Mit der wachsenden Verbreitung von GPS Ger{\"a}ten und Tools wie Google Earth oder GeoPosition ist es ein leichtes, die geografischen Koordinaten von interessanten Punkten auf der Erdoberfl{\"a}che zu bestimmen. Wie man mittels dieser Koordinaten die exakte Luftlinienentfernung zwischen zwei Punkten bestimmt, zeigt dieser Artikel.},
  howpublished = {https://www.kompf.de/gps/distcalc.html},
  file = {C:\Users\Kilian\Zotero\storage\B9PSXSVF\distcalc.html}
}

@book{mertzXDSLAccessNetworks1999,
  title = {{xDSL \& Access Networks . Grundlagen, Technik und Einsatzaspekte von HDSL, ADSL und VDSL}},
  author = {Mertz and Pollakowski},
  year = {1999},
  month = dec,
  edition = {1. Aufl},
  publisher = {Markt+Technik},
  address = {M{\"u}nchen},
  abstract = {Mit neuen {\"U}bertragungssystemen, die man unter dem Oberbegriff "xDSL" zusammenfasst, wird es m{\"o}glich, den Engpass des Internetzuganges {\"u}ber Telefonleitungen zu erweitern. Wir stehen am Beginn des serienm{\"a}{\ss}igen Angebots dieser Systeme. In diesem Buch werden die Grundlagen der xDSL-{\"U}bertragung und -Systemtechnik detailliert und praxisnah anhand von vielen Grafiken beschrieben. Einen weiteren Schwerpunkt bilden die typischen Einsatzm{\"o}glichkeiten und Nutzenaspekte aus Sicht von Anwendern, Telefon-Carriern und Internetdienstleistern, wobei auch {\"o}konomische, juristische und marketingtechnische Aspekte er{\"o}rtert werden.},
  isbn = {978-3-8272-9593-4},
  langid = {ngerman}
}

@misc{NativeAppsVs,
  title = {Native {{Apps}} vs. {{Web Apps}} - {{Unterschiede}} Und {{Vorteile}}},
  urldate = {2020-12-01},
  howpublished = {https://app-entwickler-verzeichnis.de/faq-app-entwicklung/11-definitionen/586-unterschiede-und-vergleich-native-apps-vs-web-apps-2},
  file = {C:\Users\Kilian\Zotero\storage\VDXYJDPT\586-unterschiede-und-vergleich-native-apps-vs-web-apps-2.html}
}

@misc{northdatagmbhDeutscheTelekomTechnik2020,
  title = {{Deutsche Telekom Technik GmbH, Bonn}},
  author = {{North Data GmbH}},
  year = {2020},
  month = sep,
  journal = {www.northdata.de},
  urldate = {2020-09-24},
  abstract = {Deutsche Telekom Technik GmbH, Bonn, Amtsgericht Bonn HRB 14190: , Netzwerk, Wirtschaftsinfos},
  howpublished = {https://www.northdata.de/Deutsche+Telekom+Technik+GmbH,+Bonn/HRB+14190},
  langid = {ngerman},
  file = {C:\Users\Kilian\Zotero\storage\LCYGKTLM\HRB+14190.html}
}

@book{nuttgensEPK2009Geschaftsprozessmanagement2009,
  title = {{{EPK}} 2009 - {{Gesch{\"a}ftsprozessmanagement}} Mit {{Ereignisgesteuerten Prozessketten}}},
  author = {N{\"u}ttgens, Markus and Rump, Frank J. and Mendling, Jan and Gehrke (hrsg, Nick and Ereignisgesteuerten, Gesch{\"a}ftsprozessmanagement Mit},
  year = {2009},
  urldate = {2020-08-24},
  abstract = {Proceedings Veranstalter veranstaltet vom GI-Arbeitskreis "Gesch{\"a}ftsprozessmanagement mit Ereignisgesteuerten Prozessketten (WI-EPK) " der GI-Fachgruppe WI-MobIS (FB-WI) in Kooperation mit der GI-Fachgruppe EMISA (FB-DBIS) und der GI-Fachgruppe Petrinetze (FB-GInf).},
  file = {C\:\\Users\\Kilian\\Zotero\\storage\\JFHKMH6E\\Nüttgens et al. - 2009 - Epk 2009.pdf;C\:\\Users\\Kilian\\Zotero\\storage\\28GFQNNQ\\summary.html}
}

@book{nuttgensSyntaxUndSemantik2002,
  title = {Syntax Und {{Semantik Ereignisgesteuerter Prozessketten}} ({{EPK}})},
  author = {N{\"u}ttgens, Markus and Rump, Frank},
  year = {2002},
  month = jan,
  volume = {21},
  pages = {77},
  abstract = {Die Ereignisgesteuerte Prozesskette (EPK) wurde zur Dokumentation von Gesch{\"a}ftsprozessen entwickelt und hat in der Praxis eine weite Verbreitung gefunden. Aufgrund der hohen Akzeptanz und der wachsenden Bedeutung prozessorientierter Organisationsstrukturen dient sie zunehmend als Grundlage f{\"u}r ein integriertes Gesch{\"a}ftsprozessmanagement. Ein durchg{\"a}ngiges Management- konzept zur werkzeuggest{\"u}tzten Planung, Steuerung, Ausf{\"u}hrung und Kontrolle von Gesch{\"a}ftsprozessen erfordert eine korrekte Formalisierung und Implemen- tierung der EPK-Syntax und -Semantik. Die in der Theorie und Praxis dokumen- tierten Beitr{\"a}ge zur EPK-Formalisierung leisten dies nur mit wesentlichen Einschr{\"a}nkungen. In diesem Beitrag erfolgt eine Formalisierung des Kontrollfluss- konzeptes auf der Grundlage der urspr{\"u}nglichen EPK-Syntax und -Semantik. Der vorliegende Ansatz kann um ein Ressourcen-, Mengen- und Zeitkonzept erweitert werden und bietet Anwendern und Werkzeugherstellern einen stabilen Bezugs- rahmen zur korrekten Modellierung und Anwendung von EPK-Gesch{\"a}ftsprozess- modellen.}
}

@misc{objectmanagementgroupBusinessProcessModel2013,
  title = {About the {{Business Process Model}} and {{Notation Specification Version}} 2.0.2},
  author = {{Object Management Group}},
  year = {2013},
  month = dec,
  urldate = {2020-11-05},
  howpublished = {https://www.omg.org/spec/BPMN/2.0.2/},
  file = {C\:\\Users\\Kilian\\Zotero\\storage\\RH4KCFJD\\About the Business Process Model and Notation Spec.pdf;C\:\\Users\\Kilian\\Zotero\\storage\\6CL998VB\\2.0.2.html}
}

@misc{OmikronStudieZurDatenqualitaet,
  title = {{Omikron-Studie zur Datenqualit{\"a}t}},
  urldate = {2020-10-23},
  abstract = {W{\"u}rden Projekte f{\"u}r das Master Data Management (MDM) schlanker angelegt, k{\"o}nnten schnellere und bessere Resultate erreicht werden. Zu dieser Erkenntnis kommt eine Studie von Omikron Data Quality unter mehr als 140 Firmen mit MDM-Initiativen.},
  howpublished = {https://www.it-zoom.de/it-director/e/omikron-studie-zur-datenqualitaet-3450/},
  langid = {ngerman}
}

@misc{openstreetmapmitwirkendeOpenStreetMap2020,
  title = {{OpenStreetMap}},
  author = {{OpenStreetMap Mitwirkende}},
  year = {2020},
  journal = {OpenStreetMap},
  urldate = {2020-10-13},
  abstract = {OpenStreetMap ist eine Karte der Welt, erstellt von Menschen wie dir und frei verwendbar unter einer offenen Lizenz.},
  howpublished = {https://www.openstreetmap.org/},
  langid = {ngerman},
  file = {C:\Users\Kilian\Zotero\storage\EFVX8IRG\www.openstreetmap.org.html}
}

@incollection{ottoFallstudienZurDatenqualitaet2016,
  title = {{Fallstudien zur Datenqualit{\"a}t}},
  booktitle = {{Corporate Data Quality: Voraussetzung erfolgreicher Gesch{\"a}ftsmodelle}},
  author = {Otto, Boris and {\"O}sterle, Hubert},
  editor = {Otto, Boris and {\"O}sterle, Hubert},
  year = {2016},
  pages = {45--163},
  publisher = {Springer},
  address = {Berlin, Heidelberg},
  doi = {10.1007/978-3-662-46806-7_2},
  urldate = {2020-10-23},
  abstract = {Kapitel~2 zeigt erfolgreiche Beispiele f{\"u}r Stammdatenqualit{\"a}tsmanagement in der Praxis anhand von zehn Fallstudien, die im CC CDQ durchgef{\"u}hrt wurden. Die Fallstudien decken alle Aspekte des Referenzmodells f{\"u}r das Stammdatenqualit{\"a}tsmanagement aus Kap.~1 ab.},
  isbn = {978-3-662-46806-7},
  langid = {ngerman},
  file = {C:\Users\Kilian\Zotero\storage\QX5FRVUY\Otto und Österle - 2016 - Fallstudien zur Datenqualität.pdf}
}

@misc{OverviewInternationallyAvailable,
  title = {Overview: Internationally Available Services {\textbar} {{You And Me}}},
  urldate = {2020-09-28},
  howpublished = {https://yam.telekom.de/docs/DOC-618057},
  file = {C:\Users\Kilian\Zotero\storage\94FZ23KB\DOC-618057.html}
}

@misc{pascalkiel-koslowskiDINNormFurSchnellen2020,
  title = {{{DIN-Norm}} F{\"u}r Schnellen {{Glasfaser-Ausbau}}},
  author = {{Pascal Kiel-Koslowski}},
  year = {2020},
  month = oct,
  urldate = {2020-10-28},
  abstract = {Internetnutzer in ganz Deutschland kennen die alte Regel: Bevor das Netz schneller wird, wird erst einmal der Autoverkehr langsamer. Denn f{\"u}r das unterirdische Verlegen neuer, breitbandiger Glasfaserleitungen m{\"u}ssen naturgem{\"a}{\ss} Stra{\ss}en und Wege aufgegraben werden. Und so eine Baustelle im klassischen Tiefbau kann durchaus ein, zwei Wochen lang den Verkehr von Fu{\ss}g{\"a}ngern, Radlern und Autofahrern behindern. Mittlerweile sind die ,,Aufrei{\ss}er`` der Telekom und ihrer Partner teilweise aber drastisch schneller unterwegs. Denn beim sogenannten ,,Trenching`` (Deutsch: Zerfurchen, Umpfl{\"u}gen) lassen sich Hunderte Meter Kabel an einem einzigen Tag unter die Erde bringen. Am Abend ist die Baustelle dann oft schon wieder verschwunden. Wir verraten, wie dieses ,,Glasfaser-Pfl{\"u}gen`` funktioniert -- und warum es in Deutschland nun im wahrsten Sinne des Wortes zur Norm werden soll. \_\_\_\_\_\_\_\_\_\_\_\_\_\_\_\_\_\_\_\_\_\_\_\_\_\_\_\_\_\_\_\_\_\_\_\_\_\_\_\_\_\_\_\_ Youtube-Kanal abonnieren und kein Video mehr verpassen: https://www.youtube.com/channel/UCX-2...  \_\_\_\_\_\_\_\_\_\_\_\_\_\_\_\_\_\_\_\_\_\_\_\_\_\_\_\_\_\_\_\_\_\_\_\_\_\_\_\_\_\_\_\_ Diese Videos sind ebenfalls interessant: ►Fr{\"a}s-Verfahren beim Glasfaser-Ausbau: https://youtu.be/Hl76eJbeGJ8 ►Trenching-Test in Hessen: https://youtu.be/gt3VofpDiaI \_\_\_\_\_\_\_\_\_\_\_\_\_\_\_\_\_\_\_\_\_\_\_\_\_\_\_\_\_\_\_\_\_\_\_\_\_\_\_\_\_\_\_\_ ►Blog: https://telekom.com/de/blog/netz ►Podcast: https://www.telekom.com/de/medien/pod... ►Twitter: https://twitter.com/telekomnetz  \_\_\_\_\_\_\_\_\_\_\_\_\_\_\_\_\_\_\_\_\_\_\_\_\_\_\_\_\_\_\_\_\_\_\_\_\_\_\_\_\_\_\_\_ KOMMENTARE:  Wir freuen uns auf ein Gespr{\"a}ch mit Euch. So w{\"u}nschen wir und andere Zuschauer uns Kommentare: 1. offen, aber h{\"o}flich und respektvoll 2. {\"u}berlegt und anregend 3. tolerant gegen{\"u}ber anders lautenden Meinungen Dar{\"u}ber {\"a}rgern wir und andere Zuschauer uns: 1. SPAM 2. Beleidigungen und pers{\"o}nliche Angriffe 3. jegliche Verletzungen deutschen Rechts, z. B. Urheberrecht 4. Themen, die sich nicht auf den Beitrag beziehen 5. jugendgef{\"a}hrdende Aussagen Sollten solche Kommentare auftauchen, behalten wir uns vor diese zu entfernen.  Die Kommentarregeln im {\"U}berblick:  https://telekom.com/de/blog/artikel/u...  \_\_\_\_\_\_\_\_\_\_\_\_\_\_\_\_\_\_\_\_\_\_\_\_\_\_\_\_\_\_\_\_\_\_\_\_\_\_\_\_\_\_\_\_ \#Trenching \#Glasfaserausbau},
  howpublished = {https://www.youtube.com/watch?v=KAGphUnic-w\&ab\_channel=TelekomNetz}
}

@misc{PrivatkundenGrossteGlasfaserausbau,
  title = {Privatkunden: ,,{{Der}} Gr{\"o}{\ss}te {{Glasfaserausbau}}, Den ... {\textbar} {{You And Me}}},
  urldate = {2020-11-02},
  howpublished = {https://yam.telekom.de/groups/pk/blog/2020/10/07/der-gr\%C3\%B6\%C3\%9Fte-glasfaserausbau-den-es-je-gegeben-hat?wt\_mc=yamnl\_de.201022.news03.intern.textlink.blank},
  file = {C:\Users\Kilian\Zotero\storage\PBV3DY7E\der-größte-glasfaserausbau-den-es-je-gegeben-hat.html}
}

@misc{prof.dr.-ing.ingokunoldDSLZugangsnetzeGrundlagen2012,
  title = {{{DSL Zugangsnetze Grundlagen}}, {{Simulation}} Und {{Modellierung}}},
  author = {{Prof. Dr.-Ing. Ingo Kunold} and {Prof. Dr.-Ing. Ulf Niemeyer}},
  year = {2012},
  month = jan,
  urldate = {2020-10-27},
  abstract = {DSL Zugangsnetze Grundlagen, Simulation und Modellierung Institut f{\"u}r Kommunikationstechnik Dipl.-Ing. Kilian Henneb{\"o}hle Vorlesung KTE Stand 01/2012 Prof. Dr.-Ing. Ingo Kunold Prof. Dr.-Ing. Ulf Niemeyer},
  file = {C:\Users\Kilian\Zotero\storage\FMXCCVJ7\10009550-Dsl-zugangsnetze-grundlagen-simulation-und-modellierung.html}
}

@misc{prof.dr.-ing.sabineradomskiSoftwareEngineering2019,
  title = {Software {{Engineering}}},
  author = {{Prof. Dr.-Ing. Sabine Radomski}},
  year = {2019},
  urldate = {2020-10-29},
  file = {C\:\\Users\\Kilian\\Zotero\\storage\\4QU89KFW\\Prof. Dr.-Ing. Sabine Radomski - 2019 - Software Engineering.pdf;C\:\\Users\\Kilian\\Zotero\\storage\\2XR4XDYM\\ilias.html}
}

@misc{prof.dr.-ing.sabineradomskiVorgehensmodelleSoftwareEngineering2017,
  title = {Vorgehensmodelle Des {{Software Engineering}}},
  author = {{Prof. Dr.-Ing. Sabine Radomski}},
  year = {2017},
  month = apr,
  urldate = {2020-10-29},
  file = {C\:\\Users\\Kilian\\Zotero\\storage\\4RJL2F2B\\Prof. Dr.-Ing. Sabine Radomski - 2017 - Vorgehensmodelle des Software Engineering.pdf;C\:\\Users\\Kilian\\Zotero\\storage\\PN756NXZ\\ilias.html}
}

@misc{prof.dr.jorgbeckerGeschaftsprozessmodellierungEnzyklopaedieWirtschaftsinformatik2012,
  title = {Gesch{\"a}ftsprozessmodellierung --- {{Enzyklopaedie}} Der {{Wirtschaftsinformatik}}},
  author = {{Prof. Dr. J{\"o}rg Becker}},
  year = {2012},
  urldate = {2020-08-24},
  abstract = {Die Gesch{\"a}ftsprozessmodellierung als Unterst{\"u}tzungsinstrument des Prozessmanagements umfasst die Konstruktion, Wartung und Anwendung konzeptioneller Modelle der Gesch{\"a}ftsabl{\"a}ufe von Unternehmen und Verwaltungen. Sie dient der Anwendungssystem- und Organisationsgestaltung aus der Sicht der betrieblichen Abl{\"a}ufe.},
  howpublished = {https://enzyklopaedie-der-wirtschaftsinformatik.de/lexikon/is-management/Systementwicklung/Hauptaktivitaten-der-Systementwicklung/Problemanalyse-/Geschaftsprozessmodellierung/index.html},
  file = {C:\Users\Kilian\Zotero\storage\LXBJFRNI\index.html}
}

@misc{prof.dr.markusnuttgensEPKEnzyklopaedieWirtschaftsinformatik2013,
  title = {{{EPK}} --- {{Enzyklopaedie}} Der {{Wirtschaftsinformatik}}},
  author = {{Prof. Dr. Markus N{\"u}ttgens}},
  year = {2013},
  urldate = {2020-08-24},
  abstract = {Die Ereignisgesteuerte Prozesskette (EPK) dient der semiformalen Abbildung von Gesch{\"a}ftsprozessen bzw. deren Modellen (Schemata). Aufgrund ihrer anschaulichen und intuitiven Repr{\"a}sentation und der durchg{\"a}ngigen Werkzeugunterst{\"u}tzung ist sie in der Praxis weit verbreitet.},
  howpublished = {https://enzyklopaedie-der-wirtschaftsinformatik.de/wi-enzyklopaedie/lexikon/is-management/Systementwicklung/Hauptaktivitaten-der-Systementwicklung/Problemanalyse-/Geschaftsprozessmodellierung/EPK},
  file = {C:\Users\Kilian\Zotero\storage\X9HBAI78\EPK.html}
}

@misc{ProgressivelyEnhanceYour,
  title = {Progressively Enhance Your {{Progressive Web App}}},
  journal = {web.dev},
  urldate = {2020-12-01},
  abstract = {Learn how to progressively enhance your Progressive Web App so that it remains useful on all modern browsers, but delivers an advanced experience on browsers that support new web capabilities like file system access, system clipboard access, contacts retrieval, periodic background sync, screen wake lock, web sharing features, and many more.},
  howpublished = {https://web.dev/progressively-enhance-your-pwa/},
  langid = {english},
  file = {C:\Users\Kilian\Zotero\storage\NJ57SC7E\progressively-enhance-your-pwa.html}
}

@misc{ProgressiveWebApps2019,
  title = {Progressive {{Web Apps}} ({{PWA}}): {{Your Complete Guide}}},
  shorttitle = {Progressive {{Web Apps}} ({{PWA}})},
  year = {2019},
  month = oct,
  journal = {DBS Interactive},
  urldate = {2020-12-01},
  abstract = {Progressive Web Apps (PWA) are enhanced digital experiences that offer unique advantages over native mobile apps and traditional websites for businesses.},
  howpublished = {https://www.dbswebsite.com/blog/progressive-web-apps-pwa/},
  langid = {american},
  file = {C:\Users\Kilian\Zotero\storage\WLQ48Z2F\progressive-web-apps-pwa.html}
}

@misc{PTIHandbuchBauweisen,
  title = {{{PTI Handbuch}} 7; {{Bauweisen}}, {{Abrechnung}} von {{Bauleistungen}} ({{ZTV-TKNetz}}) {{N2VA0088}}},
  file = {C:\Users\Kilian\Zotero\storage\HVP5Y8ZQ\HB 7 102 Juli 2020.docm}
}

@misc{PwabarOnlineVerzeichnis,
  title = {Pwa.Bar: {{Das Online Verzeichnis}} von {{Progressive Web Apps}}},
  shorttitle = {Pwa.Bar},
  journal = {pwa.bar},
  urldate = {2020-08-20},
  abstract = {Das Online Verzeichnis pwa.bar stellt euch die coolsten und neuesten Progressive Web Apps vor, die es momentan im Netz zu finden gibt. Schaut euch die Web Apps an und probiert sie einmal aus.},
  howpublished = {https://pwa.bar/},
  langid = {american},
  file = {C:\Users\Kilian\Zotero\storage\HVL4K73S\pwa.bar.html}
}

@misc{qgisdevelopmentteamDokumentationFurQGIS2020,
  title = {Dokumentation F{\"u}r {{QGIS}} 3.10 --- {{QGIS Documentation Dokumentation}}},
  author = {{QGIS Development Team}},
  year = {2020},
  month = oct,
  urldate = {2020-10-13},
  howpublished = {https://docs.qgis.org/3.10/de/docs/index.html},
  file = {C:\Users\Kilian\Zotero\storage\ITSFSTGQ\index.html}
}

@misc{qgisdevelopmentteamWillkommenBeimQGIS2020,
  title = {Willkommen Beim {{QGIS Projekt}}!},
  author = {{QGIS Development Team}},
  year = {2020},
  month = oct,
  urldate = {2020-10-13},
  howpublished = {https://www.qgis.org/de/site/},
  file = {C:\Users\Kilian\Zotero\storage\YY6ZGQV9\site.html}
}

@misc{QGISPythonPlugins2020,
  title = {{{QGIS Python Plugins Repository}}},
  year = {2020},
  urldate = {2020-11-30},
  howpublished = {https://plugins.qgis.org/plugins/ImportPhotos/},
  file = {C:\Users\Kilian\Zotero\storage\RQYY4E7D\ImportPhotos.html}
}

@misc{RechnenMitGeoKoordinaten,
  title = {Rechnen Mit {{Geo-Koordinaten}}},
  urldate = {2020-11-16},
  howpublished = {https://rechneronline.de/geo-koordinaten/\#entfernung},
  file = {C:\Users\Kilian\Zotero\storage\4JYTFPBZ\geo-koordinaten.html}
}

@misc{reinholddiegelmannStandardITArbeitsplatzTelekom2020,
  title = {Standard {{IT-Arbeitsplatz}}, {{Telekom Technik}}},
  author = {{Reinhold Diegelmann}},
  year = {12.10.2020, 10:04},
  file = {C:\Users\Kilian\Zotero\storage\Q2S3ZKJT\AW Standard IT-Arbeitsplatz Telekom Technik.msg}
}

@misc{rittalgmbh&co.kgOutdoorGehauseMultifunktionsgehause2020,
  title = {Outdoor-{{Geh{\"a}use}}: {{Multifunktionsgeh{\"a}use}}},
  author = {{Rittal GmbH \& Co. KG}},
  year = {2020},
  urldate = {2020-10-12},
  abstract = {{\"U}bersicht der Outdoor-Multifunktionsgeh{\"a}use},
  howpublished = {https://www.rittal.com/de-de/product/list.action?categoryPath=/PG0001/PG0002SCHRANK1/PG0159SCHRANK1/PGRP18161SCHRANK1},
  file = {C:\Users\Kilian\Zotero\storage\SS779Q7E\list.html}
}

@misc{roikrausNativeHybridApp2015,
  title = {From {{Native To Hybrid App Development And Back}}},
  author = {{Roi Kraus}},
  year = {2015},
  month = nov,
  journal = {TechCrunch},
  urldate = {2020-12-03},
  abstract = {If you're running an early stage startup, you know how to make the most of limited resources. From getting the most bang out of every marketing buck to jockeying the pace of a small development team, you must execute quickly and efficiently to ensure your company's success. This is one reason hybri{\dots}},
  langid = {american},
  file = {C:\Users\Kilian\Zotero\storage\824H9ECM\lessons-in-switching-from-native-to-hybrid-app-development-and-back.html}
}

@misc{samsungelectronicsgmbhGalaxyTabActive2020,
  title = {{Galaxy Tab Active Pro LTE {\textbar} SM-T545NZKADBT {\textbar} Samsung Deutschland}},
  author = {{Samsung Electronics GmbH}},
  year = {2020},
  journal = {Samsung de},
  urldate = {2020-12-02},
  abstract = {Galaxy Tab Active Pro LTE {\textbar} SM-T545NZKADBT {\textbar} Samsung Deutschland},
  howpublished = {https://www.samsung.com/de/tablets/others/galaxy-tab-active-pro-10-1-inch-black-64gb-lte-sm-t545nzkadbt/},
  langid = {ngerman},
  file = {C:\Users\Kilian\Zotero\storage\62YASPLH\galaxy-tab-active-pro-10-1-inch-black-64gb-lte-sm-t545nzkadbt.html}
}

@misc{sandrawaltherKirschToolYouMe2020,
  title = {Kirsch-{{Tool}} {\textbar} {{You And Me}}},
  author = {{Sandra Walther} and {Michael Kirsch}},
  year = {2020},
  month = oct,
  urldate = {2020-10-09},
  howpublished = {https://yam.telekom.de/docs/DOC-570577},
  file = {C:\Users\Kilian\Zotero\storage\WWFDDSWY\DOC-570577.html}
}

@misc{senatsverwaltungfurumweltverkehrundklimaschutzWasserUndGeologie2020,
  title = {Wasser Und {{Geologie Zust{\"a}ndigkeiten}}},
  author = {{Senatsverwaltung f{\"u}r Umwelt, Verkehr und Klimaschutz}},
  year = {2020},
  urldate = {2020-09-14},
  howpublished = {https://www.berlin.de/senuvk/umwelt/wasser/ogewaesser/de/zustaendig.shtml},
  file = {C:\Users\Kilian\Zotero\storage\D9MA48QB\zustaendig.html}
}

@misc{ServicebeschreibungenServiceDescriptions,
  title = {Servicebeschreibungen/{{Service}} Descriptions: {{A}} -... {\textbar} {{You And Me}}},
  urldate = {2020-09-28},
  howpublished = {https://yam.telekom.de/docs/DOC-615382},
  file = {C:\Users\Kilian\Zotero\storage\HDXB664L\DOC-615382.html}
}

@article{sieberRStOAnwendungKommunen2018,
  title = {{{RStO}} - {{Anwendung}} in {{Kommunen}}},
  author = {Sieber, R. and Wellner, F.},
  year = {2018},
  journal = {Strasse und Autobahn},
  volume = {69},
  number = {1},
  issn = {0039-2162},
  urldate = {2020-10-12},
  file = {C:\Users\Kilian\Zotero\storage\RU4BN47L\1506351.html}
}

@misc{sparxsystemssoftwaregmbhBPMN20Uebersicht2020,
  title = {{BPMN 2.0 {\"U}bersicht -- Enterprise Architect Blog}},
  author = {{SparxSystems Software GmbH}},
  year = {2020},
  urldate = {2020-11-29},
  langid = {ngerman},
  file = {C:\Users\Kilian\Zotero\storage\KZ5UWHUB\bpmn-referenz.html}
}

@misc{stadte-undgemeindebundbrandenburge.v.MusterFurMitbenutzungsvertrag2002,
  title = {Muster F{\"u}r Einen {{Mitbenutzungsvertrag}} Mit Dinglicher {{Sicherung}}},
  author = {{St{\"a}dte- und Gemeindebund Brandenburg e.V.}},
  year = {2002},
  month = jan,
  urldate = {2020-09-14},
  file = {C:\Users\Kilian\Zotero\storage\2GLI55AA\MitbenutzungsV_mit-dingl-Sicherg.pdf}
}

@misc{stadte-undgemeindebundbrandenburge.v.MusterFurMitbenutzungsvertrag2002a,
  title = {Muster F{\"u}r Einen {{Mitbenutzungsvertrag}} Ohne Dingliche {{Sicherung}}},
  author = {{St{\"a}dte- und Gemeindebund Brandenburg e.V.}},
  year = {2002},
  month = jan,
  urldate = {2020-09-14},
  file = {C:\Users\Kilian\Zotero\storage\8PHJ4BML\MitbenutzungsV_ohne-dingl-Sicherg.pdf}
}

@misc{statistagmbhBetriebssystemeMarktanteileWeltweit2020,
  title = {{Betriebssysteme - Marktanteile weltweit bis September 2020}},
  author = {{Statista GmbH} and {F. Tenzer}},
  year = {2020},
  month = oct,
  journal = {Statista},
  urldate = {2020-11-12},
  abstract = {Microsofts Windows-Betriebssystem erzielte im September 2020 einen Marktanteil an den weltweiten Page Views von rund 77 Prozent.},
  howpublished = {https://de.statista.com/statistik/daten/studie/157902/umfrage/marktanteil-der-genutzten-betriebssysteme-weltweit-seit-2009/},
  langid = {ngerman},
  file = {C:\Users\Kilian\Zotero\storage\APDIQNUC\marktanteil-der-genutzten-betriebssysteme-weltweit-seit-2009.html}
}

@misc{statistagmbhBreitbandinternet,
  title = {{Breitbandinternet}},
  author = {{Statista GmbH}},
  journal = {Statista},
  urldate = {2020-08-24},
  abstract = {Das Statista-Dossier stellt relevante Statistiken zu einem Thema in einer Unterlage zusammen. Das Statista-Dossier "Breitbandinternet" bietet Ihnen einen vielseitigen thematischen {\"U}berblick. Sie finden hier relevante Statistiken zu Marktanteilen und Nutzerzahlen. Als Nutzer haben Sie mit dem vorliegenden Dossier einen schnellen Zugriff auf wichtige quantitative Fakten zum Thema Breitbandinternet.},
  howpublished = {https://de.statista.com/statistik/studie/id/7012/dokument/breitbandinternet-statista-dossier/},
  langid = {ngerman},
  file = {C\:\\Users\\Kilian\\Zotero\\storage\\9LUPREJR\\Breitbandinternet.pdf;C\:\\Users\\Kilian\\Zotero\\storage\\CVL9E29E\\breitbandinternet-statista-dossier.html}
}

@misc{statistagmbhMobileBetriebssystemeMarktanteile2020,
  title = {{Mobile Betriebssysteme - Marktanteile Internetnutzung weltweit bis September 2020}},
  author = {{Statista GmbH} and {F. Tenzer}},
  year = {2020},
  month = oct,
  journal = {Statista},
  urldate = {2020-11-11},
  abstract = {Die Statistik zeigt die Anteile der f{\"u}hrenden mobilen Betriebssysteme an der Internetnutzung mit Mobiltelefonen(herk{\"o}mmliche Handys, Smartphones - ohne Tablets) weltweit seit September 2009.},
  howpublished = {https://de.statista.com/statistik/daten/studie/184335/umfrage/marktanteil-der-mobilen-betriebssysteme-weltweit-seit-2009/},
  langid = {ngerman},
  file = {C:\Users\Kilian\Zotero\storage\I392BR6L\marktanteil-der-mobilen-betriebssysteme-weltweit-seit-2009.html}
}

@misc{svenwohltmannLinientechnikWaehlamtWorphausen,
  title = {{Linientechnik -- W{\"a}hlamt Worphausen}},
  author = {{Sven Wohltmann}},
  urldate = {2020-10-27},
  langid = {ngerman},
  file = {C:\Users\Kilian\Zotero\storage\LEQC6ZTB\linientechnik.html}
}

@article{t.brayJavaScriptObjectNotation2017,
  title = {The {{JavaScript Object Notation}} ({{JSON}}) {{Data Interchange Format}}},
  author = {T. Bray, Ed},
  year = {2017},
  number = {RFC 8259},
  issn = {2070-1721},
  urldate = {2020-11-06},
  file = {C\:\\Users\\Kilian\\Zotero\\storage\\4P8YKF7F\\T. Bray - 2017 - The JavaScript Object Notation (JSON) Data Interch.pdf;C\:\\Users\\Kilian\\Zotero\\storage\\JPUALKVV\\rfc8259.html}
}

@misc{teamAngularMaterial,
  title = {Angular {{Material}}},
  author = {Team, Angular Components},
  journal = {Angular Material},
  urldate = {2020-08-22},
  abstract = {UI component infrastructure and Material Design components for Angular web applications.},
  howpublished = {https://material.angular.io/},
  langid = {american},
  file = {C:\Users\Kilian\Zotero\storage\HLRIPBLW\material.angular.io.html}
}

@misc{TechnikNiederlassungSudwest,
  title = {Technik {{Niederlassung S{\"u}dwest}} - {{PTI}} 24 {\textbar} {{You And Me}}},
  urldate = {2020-09-29},
  howpublished = {https://yam.telekom.de/docs/DOC-431234},
  file = {C:\Users\Kilian\Zotero\storage\I4Q7LLIT\DOC-431234.html}
}

@misc{telekomdeutschlandgmbhGrundstucksnutzungsvertragGemassAnlage18,
  title = {Grundst{\"u}cksnutzungsvertrag Gem{\"a}{\ss} {{Anlage}} Zu {\S} 45a {{Telekommunikationsgesetz}} ({{TKG}})},
  author = {{Telekom Deutschland GmbH}},
  year = {18},
  month = jan,
  urldate = {2020-09-14},
  file = {C:\Users\Kilian\Zotero\storage\ULFV4NFQ\gnv-muster.pdf}
}

@misc{telekomdeutschlandgmbhTelekomDeutschlandGmbH2020,
  title = {{Telekom Deutschland GmbH {\textbar} Telekom}},
  author = {{Telekom Deutschland GmbH}},
  year = {2020},
  month = sep,
  journal = {Telekom Deutschland GmbH},
  urldate = {2020-09-24},
  abstract = {{\"U}ber das Unternehmen Telekom Deutschland GmbH},
  howpublished = {https://www.telekom.de/ueber-das-unternehmen},
  langid = {ngerman},
  file = {C:\Users\Kilian\Zotero\storage\NC5U585C\ueber-das-unternehmen.html}
}

@misc{thomasmichelDeutscheTelekomSchliesst2003,
  title = {{Deutsche Telekom schlie{\ss}t Verkauf restlicher Kabelnetze ab}},
  author = {{Thomas Michel}},
  year = {2003},
  month = mar,
  urldate = {2020-10-27},
  abstract = {Die Deutsche Telekom hat den Verkauf ihrer restlichen Kabelnetze abgeschlossen. Der Kaufpreis von 1,725 Milliarden Euro sei in bar geleistet worden und werde zum Schuldenabbau eingesetzt, teilte die Telekom heute mit. K{\"a}ufer sei ein Konsortium aus Apax, Goldman Sachs Capital Partners und Providence Equity. Damit wechseln TV-Kabel in 13 Bundesl{\"a}ndern den Besitzer. Mit den Kabelnetzen seien auch 2 500 Mitarbeiter {\"u}bernommen worden.},
  howpublished = {https://www.teltarif.de/arch/2003/kw11/s10130.html},
  langid = {ngerman},
  file = {C:\Users\Kilian\Zotero\storage\6AB9ZESM\s10130.html}
}

@misc{thomassteinerMakeYourPWA2020,
  title = {Make Your {{PWA}} Feel More like an App},
  author = {{Thomas Steiner}},
  year = {2020},
  month = jul,
  journal = {web.dev},
  urldate = {2020-12-03},
  abstract = {Learn how to make your Progressive Web App feel like a "real" app by understanding how to implement platform-specific app patterns with web technologies.},
  howpublished = {https://web.dev/app-like-pwas/},
  langid = {english},
  file = {C:\Users\Kilian\Zotero\storage\C3MRFCNR\app-like-pwas.html}
}

@misc{TSNAPQITInternal,
  title = {{{TSNA PQIT Internal Help Portal}}: {{T-SUPPORT}}:~ {{Tab}}... {\textbar} {{You And Me}}},
  urldate = {2020-09-28},
  howpublished = {https://yam.telekom.de/groups/tsna-pqit-internal-help-portal/blog/2020/01/10/t-support-table-of-contents},
  file = {C:\Users\Kilian\Zotero\storage\ZDZVMICC\t-support-table-of-contents.html}
}

@misc{univ.-prof.dr.-ing.habil.norbertgronauModellierungGeschaftsprozessenMit2016,
  title = {Modellierung von {{Gesch{\"a}ftsprozessen}} Mit {{EPK}} Und {{BPMN}}},
  author = {{Univ.-Prof. Dr.--Ing. habil. Norbert Gronau}},
  year = {2016},
  urldate = {2020-08-24},
  abstract = {Ereignisgesteuerte Prozessketten Business Process Modeling and Notation},
  file = {C:\Users\Kilian\Zotero\storage\QU9LND6A\EPK_BPMN-Modellierung.pdf}
}

@misc{UnterbringungLeitungenUnd2017,
  title = {Unterbringung von {{Leitungen}} Und {{Anlagen}} in {\"O}ffentlichen {{Fl{\"a}chen}} - {{DIN}} 1998},
  year = {2017},
  month = apr,
  urldate = {2020-08-05},
  howpublished = {https://www.din.de/de/mitwirken/normenausschuesse/nabau/normen/wdc-beuth:din21:288466046},
  file = {C\:\\Users\\Kilian\\Zotero\\storage\\4A49XSQ7\\DIN 1998 - Unterbringung von Leitungen und Anlagen in öffentlichen Flächen.pdf;C\:\\Users\\Kilian\\Zotero\\storage\\PDEWQWHK\\wdc-beuthdin21288466046.html}
}

@misc{uweschwoebelEnglishStructureGerman2015,
  title = {English: {{Structure}} of the {{German Access Network}} Based on {{Copper Cable}}.},
  shorttitle = {English},
  author = {{Uweschwoebel}},
  year = {5 February 2015 (upload date)},
  urldate = {2020-10-27},
  copyright = {Permission is granted to copy, distribute and/or modify this document under the terms of the GNU Free Documentation License, Version 1.2 or any later version published by the Free Software Foundation; with no Invariant Sections, no Front-Cover Texts, and no Back-Cover Texts. A copy of the license is included in the section entitled GNU Free Documentation License.http://www.gnu.org/copyleft/fdl.htmlGFDLGNU Free Documentation Licensetruetrue},
  howpublished = {https://commons.wikimedia.org/wiki/File:AccessNetwork\_Cu.svg},
  file = {C\:\\Users\\Kilian\\Zotero\\storage\\8RZHVY7P\\FileAccessNetwork_Cu.html;C\:\\Users\\Kilian\\Zotero\\storage\\FPMH32BC\\FileAccessNetwork_Cu.html}
}

@article{waidnerEntwicklungSichererSoftware2013,
  title = {{Entwicklung sicherer Software durch Security by Design}},
  author = {Waidner, Michael},
  year = {2013},
  month = may,
  pages = {76},
  abstract = {Dieser Trend- und Strategiebericht vertritt die These, dass die Entwicklung und Integration sicherer Software nach dem Prinzip Security by Design ausgestaltet werden muss und benennt entsprechende Herausforderungen f{\"u}r eine praxisorientierte Forschungsagenda. Software ist heute wie auch zuk{\"u}nftig der wichtigste Treiber von Innovationen in vielen Anwendungsbereichen und Branchen. Viele Schwachstellen und Angriffe lassen sich auf Sicherheitsl{\"u}cken in Anwendungssoftware zur{\"u}ckf{\"u}hren. Sicherheitsfragen werden bei der heutigen Entwicklung oder Integration von Anwendungssoftware entweder {\"u}berhaupt nicht oder nur unzureichend betrachtet, so dass durch Anwendungssoftware immer wieder neue Ansatzpunkte f{\"u}r Angriffe entstehen. So wird die Sicherheit von Software neben der Funktionalit{\"a}t f{\"u}r Anwender und Hersteller immer wichtiger. Die Anwendung neuer praktischer Methoden und das systematische Befolgen von Sicherheitsprozessen sollen Hersteller und Integratoren von Software bei der Vermeidung von Sicherheitsl{\"u}cken unterst{\"u}tzen. Die Verbesserung von Entwicklungs- und Sicherheitsprozessen bietet Herstellern auch die M{\"o}glichkeit, bei verbesserten Sicherheitseigenschaften Kosten und Entwicklungszeiten von Software zu reduzieren. F{\"u}r Unternehmen hat dieser Schritt eine gro{\ss}e strategische Bedeutung mit gro{\ss}er Relevanz f{\"u}r deren mittel- bis langfristige Wettbewerbsf{\"a}higkeit. Da Softwareprodukte und Softwareentwicklungsprozesse heute sehr komplex sein k{\"o}nnen, ist es f{\"u}r Hersteller nicht klar, wie Security by Design und die hierf{\"u}r erforderlichen Sicherheitsprozesse nutzbringend und wirtschaftlich umgesetzt werden k{\"o}nnen. Es ist die Aufgabe der angewandten Forschung, die Herausforderungen in diesem Zusammenhang anzugehen, zu bew{\"a}ltigen und verwertbare L{\"o}sungen in die Praxis zu transferieren.},
  langid = {ngerman},
  file = {C:\Users\Kilian\Zotero\storage\JWD9HGFX\Waidner - Entwicklung sicherer Software durch Security by De.pdf}
}

@misc{WasIstNative,
  title = {{Was ist eine Native App?}},
  urldate = {2020-12-01},
  abstract = {Multimedia und Mobilit{\"a}t erfordern es, dass Anwendungen auf dem Smartphone als mobilem Endger{\"a}t in Funktionalit{\"a}t und Komfort {\"u}berzeugen. Mit einer Native App kann diese Zielsetzung bedarfsgerecht entwickelt und angeboten werden.},
  howpublished = {https://www.dev-insider.de/was-ist-eine-native-app-a-827532/},
  langid = {ngerman},
  file = {C:\Users\Kilian\Zotero\storage\NXJ2SLYK\was-ist-eine-native-app-a-827532.html}
}

@misc{web.devWebdevProgressiveWeb2020,
  title = {Web.Dev - {{Progressive Web Apps}}},
  author = {{web.dev}},
  year = {2020},
  journal = {web.dev},
  urldate = {2020-12-02},
  howpublished = {https://web.dev/progressive-web-apps/},
  langid = {english},
  file = {C:\Users\Kilian\Zotero\storage\YDMN6K7S\progressive-web-apps.html}
}

@misc{WebAPIReferenz,
  title = {{Web API Referenz}},
  journal = {MDN-Web-Dokumentation},
  urldate = {2020-12-03},
  abstract = {Javascript bietet eine gro{\ss}e Auswahl an hervorragenden Schnittstellen (APIs). Nachfolgend findet sich eine Liste aller APIs auf die Du zur{\"u}ckgreifen kannst, um deine Webapp oder Webseite zu programmieren.},
  howpublished = {https://developer.mozilla.org/de/docs/Web/API},
  langid = {ngerman}
}

@misc{Webdev,
  title = {Web.Dev},
  journal = {web.dev},
  urldate = {2020-12-03},
  howpublished = {https://web.dev/progressive-web-apps/},
  langid = {english},
  file = {C:\Users\Kilian\Zotero\storage\8R984SZF\progressive-web-apps.html}
}

@misc{WegesicherungYouMe,
  title = {Wegesicherung {\textbar} {{You And Me}}},
  urldate = {2020-08-19},
  howpublished = {https://yam.telekom.de/docs/DOC-149196},
  file = {C:\Users\Kilian\Zotero\storage\A2NZQ6RA\DOC-149196.html}
}

@misc{WhatJSONREST,
  title = {What Is {{JSON}} - {{REST API Tutorial}}},
  urldate = {2020-08-10},
  howpublished = {https://restfulapi.net/introduction-to-json/},
  langid = {american},
  file = {C:\Users\Kilian\Zotero\storage\5ZKLVPCD\introduction-to-json.html}
}

@misc{YouMe,
  title = {{\textbar} {{You And Me}}},
  urldate = {2020-08-19},
  howpublished = {https://yam.telekom.de/groups/qgis-layer/blog},
  file = {C:\Users\Kilian\Zotero\storage\2DQ3Q8JJ\blog.html}
}

@misc{zentralekompetenzstellefurgeoinformationbeimhessischenlandesamtfurbodenmanagementundgeoinformationGeoportalHessen2020,
  title = {Geoportal {{Hessen}}},
  author = {{Zentrale Kompetenzstelle f{\"u}r Geoinformation beim Hessischen Landesamt f{\"u}r Bodenmanagement und Geoinformation}},
  year = {2020},
  urldate = {2020-11-17},
  howpublished = {https://www.geoportal.hessen.de/},
  file = {C:\Users\Kilian\Zotero\storage\MGBJ2LUG\www.geoportal.hessen.de.html}
}

@misc{zentralekompetenzstellefurgeoinformationbeimhessischenlandesamtfurbodenmanagementundgeoinformationLiegenschaftskarteHessenVoreingestellt2020,
  title = {Liegenschaftskarte {{Hessen}} Voreingestellt},
  author = {{Zentrale Kompetenzstelle f{\"u}r Geoinformation beim Hessischen Landesamt f{\"u}r Bodenmanagement und Geoinformation}},
  year = {2020},
  urldate = {2020-11-17},
  howpublished = {https://www.geoportal.hessen.de/mapbender/php/mod\_showMetadata.php?languageCode=de\&resource=wmc\&layout=tabs\&id=2139},
  file = {C:\Users\Kilian\Zotero\storage\QV3YEMZ5\mod_showMetadata.html}
}

@misc{ZFP81StrukturierteBildablage,
  title = {{{ZFP81}} - {{Strukturierte Bildablage}} in {{Mighty Office}} {\textbar} {{You And Me}}},
  urldate = {2020-08-19},
  howpublished = {https://yam.telekom.de/docs/DOC-580147},
  file = {C:\Users\Kilian\Zotero\storage\YV6EQGJS\DOC-580147.html}
}
